3398 4952
729 343 928 414 ,9-

244 565 314 632 iam
338 565 445 634 fuisse
469 574 552 634 ante
575 563 751 632 mensium
776 571 981 651 computum
1005 562 1210 650 disputavit,
1234 563 1270 630 in
1294 561 1351 652 §2
1375 586 1412 632 se

245 673 379 740 conlert
417 673 461 740 ad
500 672 740 740 definiendum
779 692 938 738 mensem
974 671 1187 752 naturalem,
1223 671 1337 755 cuius,
1373 682 1412 740 ut

244 781 395 847 Ioannes
429 789 588 863 testatur,
621 779 711 846 duae
743 788 827 846 sunt
860 778 1002 866 species,
1037 777 1130 865 quod
1159 786 1195 845 et
1217 778 1411 846 secundnm

244 887 353 954 solem
377 892 423 974 (p.
440 884 523 971 38,r)
547 895 582 954 et
605 885 799 953 secundum
823 887 945 954 lunam
963 885 1009 974 (p.
1026 881 1108 972 38,a)
1125 886 1303 953 naturales
1320 886 1412 954 liunt

243 1015 392 1062 menses.
440 993 576 1062 Deinde
612 1002 730 1061 autem
761 1015 806 1060 ne
834 994 878 1060 de
912 1014 1005 1061 anno
1034 993 1164 1080 agendi
1192 992 1411 1072 occasionem

243 1100 393 1185 omittat,
417 1101 632 1174 Laurentius
656 1101 699 1168 ad
726 1110 868 1172 tenuem
893 1100 936 1167 de
959 1110 1086 1168 natura
1109 1121 1227 1166 rerum
1251 1099 1288 1166 in
1304 1100 1324 1188 ξ
1341 1097 1361 1166 3
1377 1110 1412 1168 et

243 1207 286 1273 de
310 1207 450 1275 decadis
474 1216 601 1276 natura
624 1208 661 1274 in
678 1211 697 1292 ξ
713 1210 734 1274 4
751 1208 1028 1296 disputationem
1044 1207 1226 1294 digressus
1242 1207 1279 1273 in
1295 1208 1412 1275 media

242 1316 466 1402 paragrapho
500 1312 521 1380 4
556 1337 619 1382 nos
653 1315 746 1403 rapit
772 1316 810 1381 iu
845 1316 928 1382 anni
955 1315 1127 1383 vertentis
1156 1315 1327 1383 naturalis
1356 1316 1412 1382 de-

243 1421 449 1507 finitionem,
473 1444 564 1510 quae
589 1445 668 1490 cum
693 1422 927 1510 explicatione
950 1422 987 1489 in
1003 1426 1022 1504 ᾖ
1037 1420 1058 1488 5
1075 1430 1234 1490 extrema
1249 1424 1297 1512 (p.
1313 1420 1411 1511 toas)

243 1529 492 1616 coniungenda
516 1539 580 1598 est.
627 1531 744 1618 Atque
766 1529 888 1597 statim
912 1529 1119 1617 compilator
1142 1529 1179 1595 in
1203 1529 1222 1618 ξ
1246 1527 1266 1596 5
1291 1530 1334 1597 ad
1356 1554 1412 1597 ex-

244 1637 461 1724 planandum
479 1659 612 1706 annum
630 1647 837 1722 vertentem,
861 1659 966 1725 quem
983 1637 1143 1706 diversae
1160 1637 1323 1706 civitates
1344 1639 1410 1706 sibi

243 1766 403 1832 quaeque
437 1747 650 1832 statuebant,
689 1745 800 1814 veluti
835 1746 1014 1833 Aegyptii,
1048 1746 1210 1831 Arcades,
1245 1747 1411 1835 Sicyonii,

243 1851 372 1937 Latini,
401 1853 554 1920 Romani
582 1854 604 1919 i.
628 1876 656 1921 e.
686 1854 730 1921 ad
760 1853 1022 1941 explanandum
1050 1875 1184 1921 annum
1214 1864 1410 1922 vertentem

243 1959 382 2028 civilem
407 1981 445 2026 se
469 1961 653 2029 convertit.
700 1962 787 2028 Inde
803 1970 923 2028 autem
939 1961 1093 2030 breviter
1109 1984 1220 2048 agens
1236 1962 1272 2028 in
1289 1966 1308 2046 ξ
1324 1960 1411 2030 5-7

243 2067 285 2134 de
314 2070 455 2135 Numae
488 2077 525 2134 et
548 2067 706 2136 Caesaris
738 2091 832 2136 anno
864 2077 901 2136 et
930 2069 974 2135 de
1006 2078 1182 2156 potestate
1215 2079 1411 2157 naturaque

242 2176 347 2242 lunae
381 2174 419 2241 in
448 2179 467 2260 ἓ
490 2173 512 2242 8
540 2176 639 2244 etin
668 2180 687 2260 ξ
711 2174 731 2243 9
755 2177 798 2244 de
826 2176 920 2244 feriis
945 2176 1161 2260 sementivis,
1190 2198 1259 2263 qua
1288 2176 1324 2244 in
1354 2199 1411 2243 ex-

242 2282 431 2370 plicatione
454 2283 737 2371 disquisitionem
761 2285 804 2352 de
828 2296 954 2352 natura
971 2285 1160 2374 septenarii
1176 2295 1212 2351 et
1227 2286 1410 2353 novenarii

242 2412 326 2458 usus
351 2391 472 2458 eadem
498 2391 702 2479 disputandi
724 2392 870 2476 ratione,
895 2413 1000 2480 quam
1024 2391 1062 2459 iu
1086 2395 1221 2476 Ila-12
1238 2392 1282 2459 de
1298 2392 1410 2460 diver·

244 2519 360 2566 sorum
385 2519 612 2566 numerorum
637 2509 764 2566 natura
787 2499 1032 2586 cognovimus,
1055 2499 1186 2584 inserit,
1210 2500 1254 2567 ad
1278 2501 1410 2568 mensis

242 2604 354 2674 civilis
377 2605 622 2673 definitionem
645 2605 682 2672 in
707 2610 726 2690 ξ
750 2603 794 2672 10
816 2607 950 2693 transit,
975 2607 1036 2674 ubi
1052 2607 1096 2674 de
1112 2608 1224 2675 tribus
1241 2608 1410 2695 cuiusque

242 2713 372 2780 mensis
407 2714 502 2781 feriis
525 2713 549 2782 i.
573 2736 601 2784 e.
625 2714 669 2780 de
693 2714 874 2799 Kalendis,
909 2715 1032 2795 Nonis,
1068 2716 1191 2783 Idibus
1219 2738 1410 2804 earumque

241 2819 444 2890 nominibus
468 2820 670 2888 derivandis
694 2822 784 2909 agit;
812 2844 988 2910 exponere
1016 2831 1136 2890 autem
1159 2823 1195 2889 in
1221 2823 1287 2889 hac
1310 2844 1409 2910 para·

242 2927 378 3015 grapho
401 2950 473 2996 nou
496 2928 614 2996 minus
638 2929 767 3014 studet,
802 2930 930 3019 quibus
954 2930 1008 2998 dis
1033 2939 1281 2998 consecrentur
1304 2931 1410 2997 feriae

241 3035 412 3122 singulae,
449 3058 556 3124 quam
591 3046 676 3124 quot
711 3037 785 3104 dies
813 3036 946 3123 singuli
975 3058 1115 3104 menses
1143 3037 1410 3124 amplectantur.

242 3142 335 3209 Fuse
366 3143 521 3212 declarat
543 3143 717 3212 rationem
740 3144 902 3231 singulos
926 3144 1000 3210 dies
1029 3166 1074 3210 ex
1097 3145 1153 3212 his
1177 3146 1290 3213 tribus
1314 3144 1409 3211 feriis

240 3252 479 3339 computandi.
527 3253 602 3318 Iam
639 3273 722 3319 vero
751 3251 872 3336 Lydus
907 3251 1074 3337 quoniam
1109 3273 1168 3318 eas
1203 3251 1408 3319 summatim

241 3358 414 3442 tractavit,
437 3357 474 3424 in
498 3358 651 3445 singulis
667 3358 713 3424 ad
730 3379 789 3426 eas
805 3357 1052 3425 describendas
1069 3359 1286 3446 aggreditur,
1311 3360 1410 3427 velut

239 3462 275 3529 in
300 3468 319 3548 ς
344 3461 384 3528 11
409 3465 452 3531 de
477 3465 656 3550 Kalendis,
687 3486 837 3551 quarum
861 3464 906 3530 ad
929 3463 1192 3554 descriptiones,
1220 3476 1408 3556 postquam

239 3569 274 3636 in
293 3570 312 3659 ξ
335 3570 376 3638 11
403 3572 516 3639 multa
531 3571 707 3640 mirabilia
724 3571 767 3638 de
783 3571 998 3640 animalibus
1014 3573 1261 3661 lapidibusque
1277 3597 1409 3643 novam

239 3678 374 3745 lunam
390 3679 619 3748 adorantibus
647 3679 805 3746 narravit
834 3687 868 3745 et
896 3679 933 3746 in
962 3678 981 3769 ξ
1011 3677 1052 3746 12
1080 3681 1123 3747 de
1151 3682 1257 3748 lunae
1281 3692 1409 3749 natura

239 3785 415 3871 disseruit,
437 3787 474 3853 in
499 3786 518 3875 ξ
543 3784 584 3854 13
607 3787 797 3854 revertitur
820 3787 1045 3876 breviterque
1072 3787 1203 3855 ibidem
1227 3789 1271 3855 de
1294 3790 1408 3856 Nonis

240 3902 274 3960 et
290 3893 413 3961 Idibus
436 3895 576 3962 locutus
593 3895 636 3960 ad
654 3895 803 3982 triginta
819 3895 893 3962 dies
910 3918 948 3962 se
965 3896 1148 3979 convertit,
1172 3917 1259 3983 quos
1276 3896 1408 3963 mensis

240 4001 405 4069 continet.
452 4001 582 4070 Statim
605 4012 725 4070 autem
754 4003 846 4070 hanc
877 4002 1149 4090 explicationem
1177 4003 1213 4070 in
1243 4002 1328 4087 §14
1360 4003 1409 4069 di-

239 4108 394 4194 sputatio
417 4109 460 4176 de
484 4109 661 4176 tricenarii
685 4111 821 4178 numeri
845 4120 973 4178 natura
996 4111 1232 4198 subsequitur.
1280 4111 1350 4178 Sed
1370 4111 1406 4176 in

239 4216 467 4302 sequentibus
490 4218 723 4304 paragraphis
746 4218 791 4302 id,
826 4218 919 4304 quod
942 4218 1059 4284 adhuc
1082 4219 1250 4306 neglexit,
1286 4217 1407 4302 Lydus

239 4321 340 4390 allert
375 4334 411 4390 et
434 4323 561 4391 transit
587 4324 625 4390 iu
649 4327 668 4409 ξ
693 4323 734 4391 15
758 4325 801 4393 ad
825 4325 1111 4396 distributionem
1136 4335 1333 4413 temporum
1357 4324 1406 4392 in:
