3418 4954
794 351 1013 420 ..90-

319 567 570 636 Censoriniano
599 567 767 655 opinioni,
796 579 894 636 ratus
917 571 1113 637 Varronem
1143 569 1392 640 solumluisse
1415 571 1496 640 eius

312 675 543 760 auctorcm¹);
572 697 655 741 narn
685 697 893 761 comparans
923 675 1105 744 Censorini
1134 675 1419 764 explanationem
1448 679 1497 746 de

192 838 205 844 ,
315 781 536 870 temporibus
571 802 651 849 cum
666 781 903 848 -Macrobiana
939 783 982 849 ad
1007 782 1103 849 hunc
1126 781 1234 868 linem
1258 785 1428 870 pervenit,
1452 797 1495 852 ut

322 896 519 973 ,auctorem
545 888 713 955 Macrobii
737 911 758 955 a
783 888 965 956 Censorini
990 899 1082 956 certe
1106 889 1312 976 discrepare,
1339 891 1493 958 eundem

320 1017 411 1076 uero,
445 994 505 1066 ubi
534 1005 722 1083 praecepta
743 997 964 1064 Varroniana
988 1006 1169 1084 sequatur,
1192 1017 1272 1064 curn
1299 997 1495 1066 Censorino

319 1123 390 1170 non
415 1101 654 1179 dissentire“²l
678 1111 813 1170 statuat
838 1112 945 1189 atque
962 1103 1129 1169 Macrobii
1154 1104 1287 1170 fontem
1310 1104 1354 1171 ad
1370 1126 1496 1174 secun·

321 1208 405 1275 dum
445 1231 489 1295 p..
517 1207 597 1276 Chr.
636 1229 670 1276 n.
710 1209 890 1275 saeculum
927 1208 1062 1276 reiciat.
1119 1212 1236 1294 Quam
1273 1211 1316 1277 ad
1355 1212 1493 1279 Halmii

318 1315 531 1383 sententiam
564 1317 609 1381 de
643 1315 825 1382 Censorini
860 1326 1004 1383 auctore
1033 1317 1197 1384 accedere
1220 1339 1372 1406 nequem
1407 1340 1491 1386 nam

320 1423 472 1510 primum
510 1421 651 1510 quidem
685 1422 744 1489 ille
771 1422 807 1488 in
844 1423 911 1489 hac
939 1422 1144 1509 quaestione
1173 1424 1209 1490 id
1240 1425 1491 1515 gravissimum

319 1540 581 1616 argumentum,
605 1529 699 1616 quod
723 1528 919 1596 Schauzius
942 1530 986 1596 de
1002 1529 1184 1598 Censorini
1209 1532 1384 1618 capitibus
1408 1530 1490 1615 18,u

319 1647 355 1704 et
370 1632 452 1717 bino
470 1636 618 1722 protulit
633 1657 745 1722 eaque
761 1634 982 1703 adsentiente
1000 1638 1109 1704 Paulo
1124 1639 1252 1706 Weber
1267 1638 1311 1706 ad
1328 1639 1491 1706 Suetonii

319 1752 472 1812 aetatem
489 1741 645 1826 deduxit,
662 1743 767 1829 plane
779 1743 850 1809 lere
864 1743 984 1810 omisit
996 1764 1060 1810 nec
1072 1745 1224 1812 refutare
1236 1757 1386 1813 conatus
1396 1746 1491 1834 θεῖ’).

323 1849 459 1917 Deinde
483 1855 601 1917 autem
627 1859 668 1916 ut
684 1849 826 1932 Littius,
848 1850 899 1917 ita
917 1850 1084 1918 Hahnius
1100 1873 1241 1939 quoque
1263 1873 1436 1938 magnum
1452 1855 1491 1920 in

320 1978 471 2024 errorem
508 1956 642 2037 incidit,
680 1957 772 2043 quod
809 1951 1012 2024 universam
1046 1957 1090 2026 de
1123 1959 1340 2044 temporibus
1375 1962 1492 2048 expla-

319 2063 498 2131 nationem
529 2063 711 2132 Censorini
742 2086 786 2130 ex
819 2085 891 2130 uno
921 2075 1064 2131 auctore
1092 2059 1239 2132 lluxisse
1272 2077 1488 2144 statuerunt:

319 2192 393 2239 rem
423 2171 517 2238 enim
547 2171 655 2258 longe
677 2171 785 2238 'aliter
809 2193 848 2237 se
871 2170 1000 2238 habere
1025 2173 1079 2238 vel
1105 2173 1188 2239 inde
1211 2173 1368 2260 adparet,
1396 2177 1490 2263 quod

197 2355 200 2362 ,
321 2279 488 2346 Varronis
530 2279 637 2346 libros
680 2299 718 2344 se
760 2279 891 2366 legisse
930 2279 1143 2346 Censorinus
1186 2281 1261 2366 ipse
1305 2282 1491 2367 profitetur

318 2385 409 2472 (cap.
432 2381 530 2472 llus)
554 2396 589 2452 et
612 2395 750 2471 praeter
775 2388 968 2454 Varronem
992 2407 1051 2452 eos
1076 2407 1215 2474 quoque
1240 2388 1363 2454 laudat
1387 2387 1492 2476 scrip

321 2501 422 2574 tores,
458 2491 518 2578 qui
554 2503 635 2578 post
668 2492 769 2560 illum
805 2493 849 2558 de
878 2493 1000 2559 eodem
1036 2505 1248 2579 argumento
1274 2494 1492 2583 seripserunt

318 2599 518 2685 (Suetonius
540 2600 673 2686 aliique
696 2621 770 2687 cap.
795 2595 877 2682 aun
900 2613 1015 2687 atque,
1051 2611 1091 2667 ut
1119 2600 1322 2668 recentioris
1351 2623 1491 2690 quoque

320 2705 447 2780 aetatis
469 2717 630 2776 auctores
645 2705 845 2793 inspiceret,
865 2717 992 2773 natura
1008 2707 1083 2772 sola
1098 2708 1242 2776 ferebat.
1290 2711 1387 2777 Inter
1403 2709 1490 2777 alios

320 2822 439 2889 autem
476 2812 657 2881 Censorini
694 2823 874 2880 auctorem
904 2834 1061 2900 :eumque
1095 2814 1233 2881 nullum
1273 2815 1382 2883 alium
1422 2815 1492 2882 nisi

319 2919 529 2988 Suetonium
568 2921 827 2988 numerandum
865 2941 944 2994 ‚esse
983 2920 1208 2996 wissowaeu
1247 2922 1490 3010 Weberique⁵i

322 3028 586 3115 argumentatio
599 3038 635 3096 et
647 3026 862 3114 compilandi
876 3026 1079 3116 citandique
1092 3049 1169 3094 mos
1181 3029 1493 3118 compilatorum),

320 3134 382 3222 qui
407 3147 447 3202 ut
470 3135 554 3202 certi
579 3134 685 3202 tontis
710 3155 839 3200 nomen
863 3134 1050 3216 occultent,
1080 3156 1218 3222 semper
1242 3136 1328 3203 talia
1351 3137 1490 3209 dicendi

314 3240 470 3309 vartificia
495 3240 672 3323 adhibent,
697 3251 770 3307 tam
787 3241 893 3328 plane
908 3240 1130 3324 confirmant,
1153 3252 1194 3309 ut
1210 3243 1346 3310 Hahnii
1363 3264 1490 3312 cartsae

312 3562 314 3566 .
427 3511 453 3596 ¹)
476 3514 559 3572 idem
583 3514 674 3572 sentit
696 3521 817 3589 praeter
841 3521 895 3572 eos
917 3532 995 3590 quos
1019 3515 1157 3574 Halmius
1173 3519 1235 3574 l.'c.
1250 3537 1280 3594 p.
1295 3514 1338 3577 ‘18
1355 3515 1492 3576 nominat

319 3602 488 3680 philologos
510 3602 660 3679 Georgius
683 3601 852 3664 Holmann:
879 3602 1003 3676 ,Ueber
1025 3604 1075 3662 die
1098 3603 1206 3664 schrift
1227 3607 1284 3664 dee
1299 3605 1492 3672 Censorinus.

320 3691 450 3752 betitelt:
487 3693 525 3750 de
561 3692 610 3750 die
643 3691 736 3749 natali
759 3688 866 3759 libar“,
894 3693 1124 3769 -Jabresbericbt
1146 3693 1201 3754 dea
1214 3693 1438 3769 ,maritima
1459 3694 1494 3752 ia

319 3780 427 3848 Triest‚
453 3779 534 3842 1891
561 3801 591 3857 p.
606 3780 637 3840 5.

428 3865 455 3951 ²)
478 3872 498 3928 l.
521 3887 548 3932 c.
572 3890 602 3946 p.
628 3868 681 3932 25.

428 3955 671 4040 ³)1.c.p.46.

428 4047 455 4120 ⁴)
478 4049 497 4105 l.
521 4065 547 4106 c.
570 4047 667 4124 pm.
1168 4078 1180 4088 κ·
1221 4099 1224 4104 .
1274 4091 1278 4104 f

429 4136 710 4214 bbapwm
778 4152 781 4156 ’
1040 4161 1042 4166 ’
1205 4167 1321 4193 ΗΝ,

428 4221 455 4304 ⁶)
478 4226 517 4284 de
541 4227 725 4302 compilandi
749 4226 865 4285 ratione
889 4225 1106 4286 Censoriniana
1127 4227 1164 4287 ci.
1177 4229 1313 4305 0.·Jabn
1329 4228 1492 4304 inprotep

291 4379 294 4388 ,
321 4315 369 4374 ed.
392 4335 421 4391 p.
443 4315 495 4372 lx.
1212 4344 1221 4352 *v
