3398 4952
410 727 472 812 De
499 726 674 811 iontlnrn
703 726 868 810 delectu
896 747 922 808 a
949 723 1065 831 Lydo
1093 721 1248 806 habito.
1305 835 1310 845 Ι

350 887 419 955 His
443 889 549 956 certis
570 887 735 956 instructi
758 884 934 970 subsidiis,
958 905 1048 972 quae
1068 883 1262 952 maximam
1279 893 1422 972 partem·

241 995 415 1082 Lydianis
438 994 524 1063 locis
540 1016 619 1062 cum
638 993 717 1062 aliis
733 993 984 1081 superstitibus
1000 991 1213 1082 comparatis
1229 999 1308 1059 orta
1323 1002 1418 1075 sunt,

240 1102 452 1170 accedamus
465 1101 510 1168 ad
523 1100 629 1168 aliam
642 1101 885 1189 quaestionem
897 1099 1113 1184 solvendam,
1127 1099 1244 1187 quales
1256 1099 1419 1186 curasque

235 1211 378 1297 generir
398 1211 521 1297 fontes
554 1210 703 1274 Ioannes
737 1209 778 1275 in
805 1209 1005 1274 universum
1028 1207 1220 1273 adhibuisse
1242 1207 1416 1276 videntum·

241 1338 308 1383 nec
342 1316 529 1406 quisquam
565 1337 697 1399 eorum,
732 1314 792 1403 qui
827 1314 864 1381 in
899 1313 990 1400 Lydi
1023 1314 1180 1382 tontibus
1203 1313 1416 1399 indagandis
1494 1302 1496 1306 ’

242 1435 440 1508 versantur,
456 1423 558 1490 iacile
570 1422 608 1489 in
620 1422 879 1491 dubitationem
891 1421 1042 1500 vocabit,
1058 1420 1143 1507 quin
1155 1421 1243 1488 haec
1255 1419 1417 1509 quaestio

242 1552 325 1598 cum
361 1531 430 1598 alia
465 1529 643 1598 artissime
666 1529 862 1613 cohaereat,
886 1534 1005 1595 utrum
1028 1530 1146 1615 Lydus
1161 1533 1348 1616 permultos
1370 1550 1417 1593 an

234 1646 365 1725 paucos
391 1643 543 1704 auctores
570 1638 607 1703 in
630 1660 731 1703 usum
754 1637 963 1704 convertent.
1010 1639 1087 1703 lam
1110 1657 1218 1725 supra
1242 1635 1335 1703 enim
1360 1657 1418 1702 ex·

241 1744 428 1832 posuimus
444 1745 586 1830 Lydum
602 1767 675 1812 non
692 1767 752 1812 eos
768 1765 891 1812 omnes
907 1743 1039 1829 legisse
1052 1743 1249 1830 scriptores,
1266 1764 1417 1831 quorum

243 1851 407 1919 notitiam
423 1873 507 1939 prae
523 1852 672 1937 scierat,
688 1852 750 1919 sed
763 1874 808 1919 ex
820 1851 899 1919 aliis
911 1849 1123 1919 subduxisse
1135 1851 1311 1938 permulta
1324 1849 1418 1918 testi·

243 1958 374 2045 monia,
409 1980 558 2044 quorum
593 1969 777 2027 auctorum
814 1958 958 2027 nomina
991 1960 1067 2046 ipse
1101 1968 1275 2045 quantum
1298 1969 1418 2045 potest

240 2065 466 2133 dissimulare
490 2066 620 2133 studet.

352 2174 433 2258 Qua
456 2173 494 2239 in
517 2195 555 2240 re
579 2173 796 2260 exploranda
819 2171 961 2240 initium
985 2172 1085 2240 nobis
1109 2193 1186 2239 esse
1206 2171 1416 2258 capiendum

242 2290 332 2368 puto
365 2280 410 2347 ab
446 2279 522 2348 eius
556 2300 626 2366 qua
661 2280 784 2364 Lydus
817 2279 886 2345 fuit
920 2279 1046 2346 aetatis
1074 2278 1203 2360 indole;
1232 2299 1314 2344 nam
1339 2287 1415 2345 tum

243 2388 372 2474 ipsum,
395 2408 475 2454 cum
499 2387 536 2453 in
560 2396 710 2474 utraque
734 2386 958 2474 antiquitatis
975 2395 1083 2472 gente
1097 2385 1239 2452 litterae
1253 2385 1416 2453 deflores-

245 2494 381 2580 cebant,
415 2494 601 2561 hominum
637 2492 856 2561 eruditorum
892 2514 975 2560 cura
1010 2493 1126 2580 magis
1158 2491 1346 2582 magisque
1379 2492 1417 2560 in

241 2601 459 2691 compilandi
468 2600 749 2689 excerpendique
759 2621 905 2668 munere
914 2599 1198 2685 versarisolebat,
1209 2611 1416 2669 utveterum

244 2708 425 2776 doctrinae
459 2707 604 2777 divitias
634 2707 824 2794 diligenter
852 2718 1086 2794 congererent
1111 2707 1149 2774 in
1177 2708 1417 2796 amplissimos

243 2815 360 2901 libros,
396 2838 484 2904 quos
519 2816 707 2903 scriptores
742 2823 859 2882 aetate
893 2813 1075 2882 inferiores
1110 2815 1227 2882 denuo
1251 2815 1415 2884 insnum

246 2945 350 2990 usum
390 2923 646 2991 convertebant
686 2923 892 3010 denuoque
912 2921 1164 3009 compilabant,
1203 2922 1417 3009 exemplaria

244 3031 350 3098 modo
378 3029 640 3117 amplificantes
668 3029 773 3096 modo
800 3038 998 3096 resecantes
1026 3029 1133 3116 idque
1162 3040 1352 3116 tantopere,
1376 3041 1417 3097 ut

245 3137 282 3206 in
311 3139 377 3206 hac
400 3136 579 3224 farragine
602 3135 796 3225 primorum
820 3156 1012 3221 eorumque
1035 3136 1248 3223 optimorum
1273 3137 1418 3225 scripto·

243 3267 323 3313 rum
347 3266 453 3332 opera
469 3243 532 3311 vix
546 3241 617 3310 iarn
634 3243 945 3330 adgnoscerentnr.
984 3243 1065 3327 Quo
1082 3244 1186 3311 modo
1201 3245 1333 3311 iactum
1355 3255 1417 3329 est,

246 3364 287 3421 ut
309 3352 452 3438 singula
476 3372 538 3438 per
561 3351 703 3418 saecula
725 3349 763 3416 in
786 3347 951 3417 omnibus
974 3349 1047 3417 iere
1069 3349 1266 3418 litterarum
1282 3351 1417 3438 campis
1528 3419 1530 3422 .

201 3492 208 3496 ·
243 3480 351 3546 opera
362 3457 565 3526 conlecticia
576 3467 878 3544 componerentur,
889 3479 1159 3544 quorumpauca
1168 3457 1417 3546 plusminusve

246 3565 411 3633 mutilata
434 3565 472 3630 in
488 3585 617 3632 manus
632 3573 771 3631 nostras
788 3576 1036 3653 pervenerunt.
1082 3565 1251 3633 Attamen
1268 3587 1417 3655 eaquae

245 3682 400 3740 aetatem
424 3693 496 3738 non
520 3670 680 3738 tulerunt
702 3692 774 3737 uon
792 3680 866 3739 tota
882 3670 1060 3740 oblivione
1076 3673 1202 3740 obruta
1218 3683 1311 3756 sunt,
1335 3695 1416 3741 cum

245 3801 368 3846 eorum
393 3777 548 3864 vestigia
571 3777 607 3845 in
631 3777 754 3845 multis
777 3777 917 3845 serioris
934 3778 1102 3866 temporis
1118 3779 1283 3867 operibus
1299 3801 1418 3868 super·

246 3885 391 3954 stitibus
406 3884 647 3954 inveniantur.
682 3888 801 3972 Atque
816 3883 958 3970 scholia,
975 3885 1097 3971 lexica,
1113 3887 1244 3975 scripta
1260 3887 1417 3955 miscella

244 3993 292 4060 ad
315 3992 584 4060 conscribendos
606 3990 715 4059 libros
741 3991 822 4081 περὶ
845 3982 953 4081 α’ρχῶν
974 3997 1035 4083 τῆς
1056 3984 1228 4079 Ῥωμαίων
1244 3992 1420 4074 πολιτείας

244 4099 434 4188 inscriptos
469 4121 491 4166 a
526 4099 627 4184 Lydo
662 4097 822 4166 adhibita
846 4120 922 4168 esse
956 4109 995 4167 ut
1018 4099 1102 4168 olim
1125 4100 1330 4186 Schultze¹),
1365 4100 1417 4167 sic

358 4286 380 4363 ι)
403 4288 423 4349 ι.
448 4303 474 4345 c.
496 4304 528 4362 p.
555 4282 594 4344 13
617 4281 661 4362 (p.
686 4281 751 4360 aa).
