3418 4954
699 335 919 404 ...75-

222 553 519 631 demonstravitll
566 554 665 637 Quos
689 573 811 619 omnes
831 551 965 619 indices
981 551 1074 638 quod
1091 561 1304 639 argumento
1319 551 1398 637 ipso

223 680 304 726 cum
328 659 469 746 placitis
493 660 536 727 de
552 659 607 726 dis
622 669 699 726 arte
715 659 906 726 cohaerent
922 669 958 726 et
974 660 1182 746 plerumque
1197 658 1248 725 ibi
1264 668 1398 742 extant,

223 766 284 832 ubi
310 767 432 851 Lydus
455 765 491 832 in
516 765 715 853 propinquo
732 765 1069 853 Neoplatonicorum
1094 765 1247 852 vestigia
1268 765 1398 851 pressit

221 871 282 961 ¹[cl.
295 873 544 958 Dionysorum,
564 874 755 955 Venerum,
773 873 1010 940 Vulcanorum
1029 869 1193 961 tabulas],
1213 894 1258 938 ex
1274 872 1397 938 eodem

223 1003 244 1048 e
272 1002 342 1067 quo
369 980 489 1047 omnia
512 980 646 1066 reliqua
670 981 714 1046 de
737 980 792 1046 dis
815 980 946 1067 placita
970 981 1159 1067 desumpta
1187 991 1271 1046 suut
1300 981 1398 1046 loute

224 1086 372 1155 fluxisse
395 1110 466 1155 uon
490 1086 624 1154 incauti
650 1108 728 1153 esse
752 1087 839 1153 mihi
864 1087 1005 1154 videtur
1028 1087 1198 1154 conicere.

222 1265 224 1272 ,
332 1195 470 1279 Quibus
502 1193 667 1261 omuibus
696 1195 919 1281 perlustratis
947 1217 1038 1282 qnae
1067 1195 1110 1261 ad
1141 1193 1232 1282 Lydi
1261 1194 1395 1260 iontem

224 1303 470 1388 indagandum
500 1302 649 1384 iaciunt,
684 1301 772 1367 mihi
809 1302 844 1367 id
880 1313 1042 1369 constare
1076 1301 1218 1368 videtur
1253 1299 1396 1389 Lydum

227 1408 516 1496 Macrobiumque
548 1410 585 1475 in
618 1410 669 1474 eis
706 1409 865 1495 partibus
904 1431 995 1495 quae
1030 1408 1073 1475 ad
1106 1409 1234 1495 placita
1268 1409 1311 1474 de
1343 1407 1397 1474 dis

224 1518 429 1604 deabusque
464 1526 625 1602 spectent
658 1517 702 1582 ad
739 1516 879 1582 eosdem
917 1527 1079 1582 auctores
1119 1516 1261 1582 ultimos
1295 1517 1398 1602 [Iam-

226 1624 381 1690 blichum
399 1635 435 1690 et
451 1622 651 1690 Cornelium
666 1623 881 1708 Labeonem]
898 1622 1019 1706 redire,
1036 1644 1260 1710 nequaquam
1277 1631 1396 1689 autem

225 1755 269 1797 ex
293 1752 365 1798 uuo
389 1731 488 1796 fonte
511 1729 673 1817 proximo
695 1730 870 1804 hausisse·
893 1752 976 1796 nam
1001 1717 1135 1797 certum
1154 1740 1208 1797 est
1225 1733 1397 1796 Ioannem

225 1839 431 1905 adhibuisse
454 1859 553 1924 opus,
577 1837 670 1925 quod
695 1836 740 1903 ab
763 1836 908 1904 homine
928 1839 1187 1923 Neoplatonico
1212 1843 1295 1922 (non
1320 1838 1398 1903 sine

226 1945 387 2014 veritatis
418 1945 534 2032 specie
566 1944 747 2028 aProclo)
779 1944 1012 2030 compositum
1044 1945 1239 2011 doctrinam
1266 1945 1398 2011 theolo-

227 2052 344 2138 gicam
369 2051 604 2119 recentiorum
630 2050 892 2117 Platonicorum
918 2061 953 2118 et
974 2053 1191 2119 Graecorum
1214 2063 1251 2119 et
1268 2055 1397 2119 Roma·

224 2181 349 2227 norum
379 2161 581 2244 amplexum
607 2168 670 2224 est.

786 2393 839 2458 la.

333 2537 413 2620 Qua
428 2535 636 2621 quaestione
648 2535 813 2622 expedita
826 2545 945 2612 restat,
959 2546 999 2602 ut
1011 2557 1097 2602 num
1111 2536 1234 2622 Lydus
1247 2537 1397 2603 aliorum

224 2643 532 2708 conlectaueorum
561 2642 716 2727 vestigia
750 2643 917 2728 presserit
950 2663 1172 2729 quaeramus.
1220 2645 1325 2710 Illum
1361 2643 1398 2709 id

220 2749 350 2821 iecisse
374 2750 488 2835 primo
512 2749 639 2815 obtutu
664 2749 912 2834 cognoscimus
936 2772 980 2814 ex
1004 2771 1054 2832 e0,
1079 2751 1173 2838 quod
1191 2752 1292 2835 Lydo
1316 2773 1398 2818 con·

222 2857 377 2923 suetudo
400 2866 463 2939 est,
496 2870 535 2922 ut
560 2856 774 2942 ubicumque
797 2857 868 2922 lors
893 2878 973 2923 eum
998 2857 1034 2923 in
1059 2867 1216 2924 exteram
1241 2860 1397 2945 aliquam

225 2984 347 3030 vocem
380 2964 455 3046 lert,
487 2964 563 3030 eius
594 2963 893 3048 significationem
925 2964 1053 3030 addere
1077 2965 1260 3050 studeat2).
1307 2965 1399 3049 Quis

229 3093 311 3136 vero
342 3071 406 3136 has
438 3069 703 3156 explicationes,
738 3092 888 3156 quarum
921 3089 1109 3136 numerum
1141 3093 1213 3137 non
1245 3093 1396 3158 parvum

225 3200 301 3243 csse
333 3200 377 3243 ex
400 3176 606 3246 Wuenschii
635 3177 751 3243 indice
783 3179 982 3262 glossarum
1014 3179 1242 3265 intellegasi),
1274 3200 1399 3245 omnes

224 3284 341 3370 ipsum
365 3284 545 3350 invenisse
569 3283 635 3350 sibi
660 3284 890 3370 persuadeat?
936 3287 1054 3350 Hasce
1077 3285 1189 3371 igitur
1213 3307 1257 3352 ex
1279 3285 1399 3371 aliquo

228 3391 399 3477 glossario
442 3412 522 3457 eum
567 3391 730 3457 hausisse
772 3412 836 3477 pro
880 3402 976 3458 certo
1022 3413 1153 3478 ponere
1199 3414 1400 3478 possumus,

224 3498 431 3584 praesertim
475 3518 565 3584 quae
611 3497 709 3562 nullo
753 3497 899 3582 negotio
938 3519 957 3564 e
995 3499 1182 3564 verborum
1227 3508 1397 3566 contextu

225 3605 432 3673 avellantur.
479 3607 605 3691 Itaque
638 3625 708 3690 qua
740 3625 799 3670 eas
830 3604 1001 3670 afferendi
1025 3606 1282 3673 consuetudine
1306 3609 1400 3676 Lau-

224 3711 359 3779 rentius
387 3732 473 3777 usus
496 3711 551 3794 sit,
577 3711 701 3797 paucis
730 3710 959 3777 inlustremus
987 3712 1168 3800 exemplis.
1216 3711 1337 3798 Lydus
1360 3714 1397 3779 in

225 3821 283 3901 Iao
312 3819 471 3884 cumulat
503 3818 649 3904 glossas,
682 3817 742 3884 ubi
774 3818 817 3884 de
849 3829 974 3884 senatu
1005 3821 1042 3884 in
1068 3821 1242 3887 Palatium
1275 3830 1400 3886 coacto

224 3925 382 4012 loquitur
398 3925 726 4010 sententiarumque
738 3945 875 3991 conexu
889 3927 1086 4012 interrupto
1098 3927 1398 4013 significationem

337 4127 346 4167 r

222 4243 224 4248 v
334 4123 362 4296 ²3
385 4127 586 4275 lnosphffifi
610 4219 836 4276 observationes
859 4220 878 4275 1.
894 4237 921 4283 c
938 4239 968 4295 p.
988 4189 1088 4296 13qu

334 4303 360 4382 ³)
384 4306 422 4364 cl.
445 4306 618 4365 Wnenschii
642 4307 807 4365 editionem
830 4308 991 4385 p.1892q.
