3398 4952
768 325 1060 424 -10-'

291 591 428 655 aevum,
454 578 602 658 tempus,
627 578 887 660 tempestatem,
912 593 1055 656 annum,
1078 573 1198 641 statim
1216 574 1401 664 disputans
1417 574 1460 642 de

291 701 380 746 aevo
396 678 442 766 (p.
459 675 565 766 55,17),
581 678 625 746 de
642 687 801 767 tempore
817 684 859 767 (p.
876 676 982 767 bopo),
1003 679 1047 746 de
1063 690 1275 768 tempestate
1290 682 1338 771 (p.
1355 679 1460 767 bbpa).

292 785 429 852 Deinde
453 794 573 853 autem
596 785 632 853 iu
650 789 669 870 ξ
685 785 728 852 16
744 786 787 853 de
803 787 984 854 stellarum
1002 787 1193 855 errantium
1211 789 1369 872 circuitu,
1392 811 1461 876 quo

292 914 407 961 annus
442 914 596 981 magnus
631 893 792 980 eflicitur,
827 895 967 962 locutus
990 894 1025 961 in
1052 899 1071 979 ξ
1096 892 1137 963 17
1161 896 1206 963 ad
1230 919 1362 965 annum
1387 918 1462 965 ver-

292 1008 426 1068 tentem
462 1000 602 1068 civilem
636 1000 776 1086 recedit,
811 1001 912 1068 cuius
940 1001 1082 1069 initium
1111 1003 1171 1071 ille
1199 1005 1372 1073 describit
1419 1007 1460 1071 In

292 1104 378 1192 §18
402 1117 438 1175 et
460 1105 503 1175 19
528 1108 659 1194 Lydus,
693 1119 881 1197 postquam
917 1109 960 1176 de
992 1110 1196 1178 caelestium
1220 1134 1337 1180 rerum
1361 1121 1460 1181 motu

292 1215 491 1303 explicavit,
514 1216 552 1282 in
576 1216 595 1304 ξ
619 1212 663 1282 20
686 1217 730 1284 ad
754 1238 887 1285 annum
911 1239 1074 1285 reversus
1097 1218 1140 1286 de
1162 1241 1255 1286 anno
1273 1220 1461 1306 Lydorum,

292 1345 406 1410 pauca
441 1323 485 1390 de
509 1324 615 1391 Panis
642 1324 699 1391 dei
723 1333 849 1391 natura
877 1324 913 1390 in
942 1324 961 1414 ξ
985 1321 1025 1392 21
1052 1324 1215 1410 adiciens,
1250 1327 1287 1392 in
1311 1331 1330 1411 ξ
1353 1323 1396 1392 22
1418 1327 1463 1394 de

292 1431 516 1519 singulorum
531 1432 705 1499 mensium
720 1431 923 1500 nominibus
936 1432 1030 1520 apud
1040 1431 1285 1518 Athenienses,
1298 1434 1462 1518 Graecos,

294 1538 485 1623 Hebraeos,
513 1538 720 1625 Aegyptios,
750 1542 932 1606 Romanos
960 1538 1125 1626 loquitur.
1171 1541 1225 1606 Ad
1253 1541 1319 1607 has
1343 1550 1462 1607 autem

293 1645 546 1733 explicationes
582 1645 680 1713 addit
714 1644 998 1734 disquisitionem
1034 1646 1078 1713 de
1112 1646 1196 1713 anni
1231 1647 1333 1714 initio
1368 1646 1462 1734 apud

294 1753 521 1838 Babylonios,
556 1752 768 1841 Aegyptios,
803 1753 973 1838 Graecos,
1012 1755 1192 1821 Romanos
1228 1763 1334 1843 atque
1368 1753 1463 1820 hunc

293 1860 422 1928 librum
447 1860 627 1928 concludit
649 1860 687 1928 in
711 1864 729 1946 ξ
753 1857 796 1926 23
820 1860 1021 1928 describens
1037 1860 1265 1930 indictionem
1281 1883 1301 1928 a
1318 1860 1463 1930 Graecis

295 1967 492 2060 ἐπινέμησιν
514 1977 688 2037 vocatam.

401 2095 502 2178 Quae
529 2093 610 2162 libri
637 2092 733 2161 tertii
762 2101 973 2179 argumenta
1003 2093 1166 2180 quamvis
1193 2093 1286 2161 inter
1313 2115 1350 2161 se
1377 2093 1464 2162 satis

295 2201 475 2290 disparilia
511 2210 618 2290 atque
652 2200 832 2267 incondita
867 2200 988 2285 Lydus
1024 2208 1262 2288 comportasse
1293 2200 1464 2285 videatur,

295 2323 414 2377 tamen
443 2318 573 2376 certam
603 2308 775 2376 rationem
800 2318 942 2376 secutus
965 2307 1149 2396 disposuit.
1193 2307 1341 2395 Semper
1369 2308 1463 2374 enim

296 2417 339 2483 ad
364 2415 550 2483 materiam
575 2438 595 2482 a
619 2438 689 2503 qua
712 2415 858 2483 deflexit
880 2414 1074 2503 disputatio
1090 2414 1302 2491 reducimur:
1327 2437 1354 2482 e.
1372 2437 1406 2502 g.
1421 2415 1465 2482 de

295 2546 389 2591 anno
412 2531 572 2591 vertente
596 2523 692 2591 civili
711 2523 748 2588 in
772 2528 792 2606 ξ
816 2521 836 2589 5
861 2533 896 2590 et
918 2521 971 2607 17,
994 2523 1038 2590 de
1062 2544 1184 2590 mense
1207 2522 1303 2591 civili
1326 2523 1363 2589 in
1386 2519 1466 2612 §10

296 2641 332 2700 et
354 2627 397 2696 22
421 2631 550 2719 agitur.
599 2632 679 2697 Hoc
702 2639 822 2697 autem
839 2631 944 2697 modo
961 2630 1082 2715 Lydus
1107 2653 1128 2696 a
1145 2631 1339 2718 drfinz'endo
1354 2652 1466 2698 mense

296 2739 455 2804 naturali
476 2739 662 2825 proiectus,
694 2736 833 2804 etiamsi
866 2736 1077 2804 narrationis
1102 2737 1372 2805 continuitatem
1396 2758 1466 2804 mo-

294 2847 383 2912 leste
400 2845 588 2933 interrupit
603 2844 693 2931 (ci.§
716 2841 770 2913 18.
793 2841 861 2931 19),
884 2851 1071 2931 postquam
1095 2844 1132 2909 in
1156 2842 1272 2910 medio
1294 2843 1361 2909 hoc
1376 2843 1466 2912 libro

297 2955 338 3019 de
360 2975 451 3020 anno
473 2959 624 3020 vertente
647 2959 681 3018 et
702 2951 861 3017 naturali
880 2956 914 3017 et
936 2951 1037 3016 civili
1050 2951 1135 3038 egit,
1157 2950 1195 3016 in
1216 2958 1374 3017 extrema
1390 2950 1466 3018 eius

296 3070 396 3149 parte
420 3083 492 3129 non
515 3059 642 3128 inscite
666 3059 709 3125 ad
733 3059 903 3124 mensium
926 3057 1198 3145 descriptionem
1223 3058 1274 3125 ita
1297 3056 1395 3142 redit,
1426 3067 1468 3126 ut

296 3169 403 3236 huius
427 3167 506 3235 libri
530 3190 610 3236 curn
634 3175 761 3255 quarto
786 3165 1070 3234 coniunctionem
1094 3187 1166 3232 non
1190 3165 1372 3252 neglegat.

405 3294 512 3368 Liber
535 3294 661 3362 tertius
684 3293 797 3381 igitur
819 3292 913 3360 hanc
936 3291 1045 3360 totius
1069 3293 1110 3358 de
1133 3291 1303 3358 mensibus
1326 3296 1361 3358 et
1375 3295 1469 3357 annii

298 3401 558 3491 explanationis
581 3400 849 3488 dispositionem
873 3401 1030 3488 praebet:

338 3550 403 3616 ΑΙ.
426 3547 470 3612 de
494 3565 615 3611 mense
639 3542 791 3610 naturali
816 3544 922 3631 [Hip]

458 3653 493 3741 a)
516 3653 560 3718 de
584 3671 706 3718 mense
728 3650 834 3718 solari
859 3656 902 3739 (p.
917 3648 997 3737 38,r)

458 3761 494 3841 b)
516 3760 559 3827 de
583 3778 705 3825 mense
727 3757 844 3825 lunari
867 3757 914 3846 (p.
930 3755 1010 3844 aas)

345 3891 403 3955 ΒΙ.
427 3886 471 3954 de
484 3907 577 3952 anno
591 3891 751 3951 vertente
763 3883 917 3950 naturali
931 3885 1021 3970 [III,4
1041 3884 1083 3974 (p.
1097 3881 1292 3973 39,1)÷111,⁵
1308 3879 1467 3972 (p.40,1⁵)]

323 4018 404 4082 BII.
428 4014 471 4080 de
495 4033 589 4078 anno
613 4016 773 4079 vertente
797 4008 892 4076 civili
917 4010 1018 4099 [111,⁵]

458 4120 493 4210 a)
517 4127 718 4187 exterarum
741 4115 927 4184 nationum

538 4227 575 4316 α)
597 4223 857 4313 Aegyptiorum
882 4223 927 4313 (p.
944 4221 1044 4313 39,1⁶)

538 4335 575 4424 β)
598 4333 775 4403 Arcadum
800 4336 843 4421 (p.
861 4328 941 4420 40,2)
