3398 4952
782 301 1003 369 ,28-

305 525 433 605 paucos
444 517 516 602 ipse
528 515 722 599 tractavit,“
740 520 957 603 pomoque¹):
973 519 1054 592 „Ex
1066 518 1230 590 ducentur,
1248 539 1336 604 quos
1352 518 1485 602 laudat,

313 645 356 689 ne
379 623 539 688 decimam
564 624 700 710 quidem
717 629 855 709 portem
879 645 960 691 eum
984 624 1123 711 legisse,
1147 625 1267 691 nullus
1291 625 1485 708 dubito.“²)

335 805 338 812 .
418 748 518 832 Quae
542 769 623 814 eum
643 747 694 814 ita
710 747 791 832 sint,
816 747 845 814 si
862 747 927 814 has
943 747 1128 815 hominum
1145 747 1328 815 doctorum
1344 759 1485 815 senten·

314 855 383 922 tias
400 863 583 943 tantopere
598 854 690 922 inter
705 875 743 920 se
758 864 1008 941 repugnantes,
1025 876 1239 942 quamquam
1254 856 1483 922 Schultziana

311 961 429 1049 opinio
453 961 647 1028 seeundum
670 960 811 1028 illorum
832 969 1031 1048 temporum
1050 962 1318 1049 compilatorum
1336 962 1481 1045 studia³)

312 1090 376 1157 pro
405 1067 479 1135 veri
507 1067 687 1134 simillima
714 1067 878 1134 habenda
907 1076 975 1152 est,
1004 1069 1275 1155 perpendemuS,
1303 1069 1380 1135 lieri
1410 1091 1483 1135 non

309 1175 449 1263 poterit,
467 1174 553 1262 quin
569 1174 868 1261 quemadmodum
886 1175 1008 1259 Lydus
1023 1175 1061 1241 in
1079 1184 1264 1242 auctorum
1281 1175 1484 1243 laudatione

311 1290 472 1349 versetur
499 1279 731 1367 inquiramus.
783 1280 824 1346 Id
854 1290 972 1348 autem
1002 1291 1197 1347 monstrare
1225 1281 1430 1368 poterimus,
1453 1281 1484 1348 si

312 1387 492 1455 nonnullis
525 1387 580 1453 usi
611 1386 801 1454 luculentis
835 1387 1021 1475 exemplis,
1058 1388 1153 1455 unde
1185 1388 1245 1454 illa
1279 1388 1483 1456 testimonia

311 1495 418 1561 ducta
434 1494 514 1578 sint,
538 1493 783 1561 indicabimus.
830 1495 991 1579 Quorum
1016 1495 1170 1581 primum
1194 1496 1261 1562 hoc
1281 1495 1319 1561 in
1335 1517 1484 1563 examen

310 1621 488 1684 vocemur,
524 1601 618 1688 quod
654 1601 775 1686 Lydus
809 1602 928 1686 inI,14
958 1601 1003 1668 de
1033 1604 1169 1668 Romae
1196 1602 1292 1669 urbis
1322 1603 1485 1669 conditae

311 1718 469 1794 tempore
492 1707 595 1774 docet
617 1708 822 1796 conspirans
846 1730 928 1775 cum
949 1708 1067 1775 Soliuo
1090 1709 1152 1775 illo
1174 1709 1393 1796 polyhistore
1409 1706 1485 1794 1,18

312 1814 379 1903 (ed.
403 1814 588 1899 Momms.);
612 1815 673 1882 ubi
696 1815 764 1882 hoc
786 1814 957 1902 scriptum
981 1815 1159 1883 videmus:

376 1973 464 2060 Lyd·
490 1978 546 2060 1,14
573 1982 614 2062 (P·
633 1973 767 2064 8‚s-11).

308 2091 474 2228 Ρωμύλρς
486 2102 523 2169 di
535 2095 685 2184 κτίζει
647 2127 708 2192 την
715 2092 844 2193 Ρώμην

307 2215 348 2300 τῇ
383 2205 451 2297 πρὸ
481 2210 640 2296 δεκαμιᾶς
667 2210 844 2279 Καλενδῶν

308 2318 438 2400 Mutuo,
475 2367 786 2386 .........
822 2344 842 2407 η

309 2417 408 2492 δὲ(
389 2417 456 2512 ω’ρα
497 2429 558 2516 τῆς
598 2417 793 2504 πόλεως
774 2415 843 2514 ω’ρα

310 2531 443 2620 δευτέρα
459 2555 529 2619 προ
542 2529 663 2622 τρίτης,
684 2522 735 2611 ὥς
751 2539 843 2620 Ταρ-

310 2636 498 2728 ρούτιος
530 2629 547 2705 ὃ
578 2644 844 2729 μαθηματι-

308 2740 377 2826 κός
421 2742 710 2837 κατεστηριξεν,
756 2737 842 2824 Διὸς

308 2853 370 2939 μὲν
405 2850 530 2938 ἰχθύσι,
564 2850 689 2942 Κρόνου
715 2852 752 2920 δὲ
786 2849 843 2918 καὶ

308 2950 521 3051 Ἀφροδίτης
548 2959 605 3028 καὶ
627 2947 758 3048 ’Ἄρεος
784 2956 842 3025 καὶ

308 3058 428 3157 Ἓρμοῧ
458 3065 625 3156 Σκορπίῳ,
654 3057 774 3134 Ἡλίου
805 3067 843 3136 δὲ

314 3172 429 3264 Ταύρῳ
468 3174 523 3241 καὶ
559 3171 703 3266 Eridane
736 3178 842 3263 Ζυγῷ.

420 3498 445 3585 ¹)
468 3504 488 3565 l.
514 3521 538 3565 c.
563 3521 593 3578 p.
620 3499 669 3562 13.

1112 1976 1222 2046 Solin.
1240 1973 1325 2060 1,18.

952 2101 1001 2168 ibi
1010 2102 1185 2168 Romulus
1195 2102 1411 2187 mansitavit,
1424 2103 1485 2190 qui

953 2208 1136 2295 auspicato
1158 2229 1339 2276 murorum
1363 2211 1487 2278 funda·

953 2323 1075 2382 menta
1117 2315 1200 2382 iecit
1237 2317 1486 2404 duodeviginti

952 2431 1058 2488 natus
1092 2445 1212 2507 annos,
1247 2427 1300 2490 XI
1326 2427 1370 2492 K.
1396 2425 1485 2510 Mai,

952 2529 1040 2596 hora
1070 2539 1152 2616 post
1180 2530 1371 2598 secundam
1401 2541 1485 2600 ante

953 2636 1229 2723 tertiam,'sicut
1246 2641 1286 2710 L.
1300 2637 1486 2707 Tarruti·

952 2750 1032 2828 usl)
1087 2745 1276 2832 prodidit
1332 2746 1486 2814 mathe-

952 2851 1198 2919 maticorum
1237 2854 1485 2940 nobilissimus,
1588 2903 1590 2916 .

952 2961 1038 3026 Iove
1070 2959 1107 3026 in
1136 2960 1303 3046 piscibus,
1333 2961 1486 3030 Saturno

951 3067 1089 3134 Venere
1114 3069 1227 3134 Marte
1251 3069 1425 3135 Mercurio
1448 3068 1484 3135 in

951 3173 1149 3260 scorpione,
1187 3174 1270 3242 Sole
1306 3175 1342 3241 iu
1374 3185 1485 3260 tauro,

952 3281 1056 3352 Luna
1088 3280 1124 3347 in
1157 3280 1247 3348 libra
1271 3281 1484 3349 constitutis

417 3604 444 3692 ²)
467 3610 608 3667 Schultzil
636 3608 811 3684 opinionem
835 3607 934 3666 Christ
969 3608 1000 3666 iu
1035 3609 1104 3667 hist.
1127 3610 1181 3672 litt
1209 3611 1343 3670 Graec.⁴
1365 3632 1396 3689 p.
1420 3611 1485 3674 830

311 3699 454 3775 sequitur.

418 3803 441 3880 ³)
466 3803 504 3862 ci.
526 3805 610 3881 qnod
627 3803 777 3862 Wirsowa
793 3803 833 3861 de
848 3804 1007 3863 Macrobio
1025 3803 1118 3863 docet
1133 3805 1164 3863 in
1179 3807 1263 3865 diss:
1281 3808 1320 3866 de
1335 3809 1486 3869 Macrobii

311 3893 548 3956 saturnaliorum
572 3893 704 3951 lontibus
727 3892 830 3969 capita
852 3892 918 3966 tria,
944 3894 1063 3956 Vratisl.
1094 3893 1176 3955 1880
1200 3895 1262 3972 p.6
1286 3915 1331 3973 sq.

416 3995 444 4082 ⁴)
467 4001 497 4059 in
520 4003 579 4060 hoc
602 3999 724 4058 nomine
749 3998 903 4059 afferendo
927 3999 1074 4060 fluctuant
1093 4001 1237 4061 Soliniaui
1261 4005 1384 4063 codices
1408 4005 1486 4066 inter

307 4091 510 4164 Tarruntium,
544 4090 744 4158 Tarrantium,
778 4089 972 4157 Taruucium,
998 4091 1178 4161 Arruntium,
1207 4091 1398 4164 Terentium
1434 4114 1485 4154 me

240 4200 245 4211 ·
309 4188 412 4239 autem
435 4186 601 4238 concentus
635 4179 714 4239 iuter
735 4178 852 4254 Lydum
875 4179 1070 4256 Solinumque
1098 4181 1212 4250 invitat,
1244 4188 1277 4241 ut
1299 4181 1333 4240 L.
1354 4184 1486 4244 Tarrutii

306 4290 420 4332 nomen
443 4271 576 4331 afferam.
