3398 4952
685 351 902 422 -31..

203 568 332 636 iterum
356 567 511 637 auctoris
527 567 744 635 mentionem
770 567 913 653 omittit,
929 576 1045 637 cetera
1061 590 1147 637 vero
1162 567 1283 636 omnia
1299 589 1379 636 cum

202 674 367 743 omnibus
401 675 474 742 fere
509 674 698 743 citatorum
735 673 946 762 scriptorum
970 674 1176 743 nominibus
1200 674 1380 758 describit;

203 781 324 868 agitur
340 782 385 849 de
409 781 501 867 Lydi
524 782 602 849 loco
626 782 714 864 1v,.2
740 780 786 869 (p.
803 777 892 865 133μ
917 785 992 870 sq.),
1022 781 1082 868 qui
1102 801 1182 850 cum
1201 780 1381 849 Plutarchi

205 909 294 975 quae
329 897 478 957 vocatur
515 887 670 977 epitoma
705 884 784 971 Ι,26
819 909 869 975 sq.
906 889 958 975 [ef.
996 887 1104 972 Diels,
1139 890 1296 976 Doxogr.
1328 911 1381 974 gr.

204 1017 238 1082 p.
255 990 393 1062 321213
410 997 473 1082 sq.]
498 995 693 1083 comparari
716 1003 852 1084 potest:

233 1210 322 1296 Lyd.
340 1212 432 1296 IV,81
460 1219 507 1298 (p.
531 1205 711 1294 133,ο-ιι)

207 1326 259 1403 ὅτι
289 1324 307 1402 (ἱ
332 1325 595 1425 Ἐμπεδοκλῆς
624 1323 739 1402 οὐσίαν

988 1208 1079 1277 Plut.
1103 1229 1155 1297 ep.
1179 1205 1254 1293 1,26

848 1326 1118 1425 Ἐμπεδοκλῆς
1146 1323 1261 1402 οὖσίαν
1284 1322 1385 1422 άνάγ-

229 1431 375 1534 άνάγιης
413 1439 524 1510 αἰτίαν
559 1436 741 1532 χρηστικὴν

228 1554 294 1616 τῶν
305 1539 415 1637 άρχῶν
426 1548 482 1616 καί
493 1553 560 1616 τῶν
570 1547 740 1635 στοιχείων

229 1655 408 1744 ένέκρινεν·

209 1754 228 1830 ὁ
248 1762 285 1830 δὲ
300 1760 550 1854 Δημόκριτος
564 1757 625 1854 τὴν
649 1754 742 1831 άντι-

229 1871 353 1936 τοπίαν
374 1869 431 1937 καί
454 1863 586 1961 πληγὴν
608 1869 664 1937 καί
680 1894 740 1961 φο-

231 1971 291 2064 ράν
312 1982 373 2067 τῆς
394 1968 483 2065 ἱὶλης.

139 2143 142 2148 ,
209 2080 376 2150 Πλάτων
399 2109 436 2173 γε
458 2077 523 2173 μὴν
544 2078 587 2151 τά
610 2081 671 2169 μέν
695 2080 744 2164 εἰς

234 2182 406 2278 πρόνοιαν,
424 2183 467 2258 τά
484 2190 521 2258 δὲ
536 2187 585 2270 είς
601 2180 744 2282 άνάγκην

233 2288 401 2386 άνήγαγεν,
427 2289 481 2364 ὅτε
503 2297 564 2383 μέν
579 2290 638 2386 την
653 2289 741 2387 ίλην,

234 2396 288 2471 ὅτε
314 2405 352 2472 δέ
382 2397 443 2497 τὴν
475 2408 534 2472 τοῦ
568 2408 745 2483 ποιοῦντος

235 2511 345 2597 σχέσιν
368 2508 571 2598 αἰτιώμενος.

250 2865 335 2950 Lyd.
350 2868 439 2950 1V,e1
459 2864 506 2953 (Ρ
520 2863 708 2955 133,14-—2o)

212 2985 273 3081 τὴν
295 2975 522 3083 ὄέἱμαρμένην
545 2982 747 3080 Ἡράκλει-

235 3123 301 3177 τος
321 3093 381 3182 τίν
404 3087 507 3188 αὖτην
529 3097 585 3166 καὶ
602 3089 747 3190 άνάγκην

237 3197 320 3272 εἷναι
342 3202 510 3289 βούλεται,

214 3301 233 3378 ὁ
245 3310 282 3379 δὲ
293 3309 461 3378 Πλάτων
473 3310 681 3404 προστίθησι
692 3312 748 3380 καί

235 3413 295 3507 τὴν
318 3409 497 3507 παρήμᾶς
519 3417 638 3487 αἰτίαν.

214 3627 246 3698 οἱ
266 3630 327 3716 μέν
350 3621 408 3698 οὖν
425 3632 594 3700 Στωϊκοί
614 3625 673 3722 τὴν
687 3633 748 3719 μέν

238 3729 381 3829 άνοὶγκην
415 3729 583 3830 άκίνητον,
621 3735 681 3827 την
712 3740 750 3808 δὲ

239 3841 434 3936 εἱμαρμένην
453 3845 538 3939 φασὶ
554 3840 749 3938 συμπλοκὴν

237 3945 321 4020 εἶναι
335 3949 450 4020 αἰτιῶν
463 3954 671 4044 τεταγμένων
685 3975 692 3990 ·
716 3952 750 4022 ἐν

237 4045 749 4152 ᾗσομντλοκῇκαὶτάπαρήμᾶς,

221 4156 323 4233 -ίίστε
349 4162 391 4236 τά
419 4166 480 4253 μέν
506 4164 678 4257 εἱμάρθαι,
707 4161 750 4236 τά

243 4271 279 4340 δέ
302 4271 535 4364 σονειμάρθαι.

870 1467 931 1532 κης
963 1437 1075 1508 αἰτίαν
1105 1435 1286 1532 χρηστικίν
1319 1445 1384 1508 τῶν

873 1539 981 1639 άρχῶν
1003 1547 1060 1616 καί
1082 1552 1149 1615 τῶν
1173 1545 1358 1632 στοιχείων.

851 1759 1102 1853 Δημόκριτος
1147 1754 1207 1850 τὴν
1255 1751 1387 1828 άντιτο-

873 1867 959 1936 πίαν
978 1867 1035 1936 καὶ
1058 1861 1167 1958 φοράν
1182 1865 1237 1935 καί
1253 1862 1387 1959 πληγην

873 1981 933 2069 τῆς
954 1967 1043 2066 ἱὶλης.

853 2079 1020 2150 Πλάτων
1054 2074 1096 2148 τά
1129 2080 1190 2166 μέν
1223 2077 1272 2160 είς
1302 2078 1389 2167 πρό-

876 2214 967 2256 νοιαν
991 2177 1071 2277 άγει,
1094 2183 1138 2255 τά
1161 2187 1198 2255 δέ
1221 2184 1271 2267 είς
1287 2177 1389 2276 άνάγ-

875 2321 935 2387 κην
956 2293 1062 2384 [Plut.
1073 2317 1126 2382 ep.
1139 2296 1165 2379 1,
1175 2291 1263 2381 255,
1279 2291 1389 2362 Πλά-

875 2428 951 2470 των
979 2394 1034 2470 ὁτέ
1061 2401 1121 2488 μέν
1148 2396 1207 2494 την
1229 2394 1309 2493 ἱὶλην
1333 2392 1389 2469 ὁτὲ

877 2508 914 2577 δὲ
935 2503 995 2599 τὴν
1018 2514 1078 2576 τοῦ
1102 2515 1283 2589 ποιοῦντος
1300 2503 1390 2595 πρὸς

876 2611 937 2706 την
958 2607 1037 2707 ἱίλην
1063 2616 1183 2702 σχέσιν.

931 2927 932 2930 ,
995 2864 1250 2954 Plut.ep,1‚27

855 2983 1105 3080 Ἡράκλειτος
1149 2989 1265 3059 πάντα
1308 2982 1390 3059 καθ’

877 3095 1082 3189 εἱμαρμένην,
1122 3093 1181 3187 τὴν
1219 3099 1255 3166 δὲ
1290 3089 1391 3189 αὗτὴν

877 3195 1043 3292 έπάρχειν
1065 3204 1123 3272 καί
1146 3195 1301 3296 άνάγιην.

855 3302 1029 3408 Πλάτων’
1064 3309 1202 3402 ἐγκρίνει
1239 3312 1300 3398 μὲν
1333 3305 1392 3401 τὴν

880 3415 1077 3509 εἱμαρμένην
1094 3469 1183 3502 .....,
1203 3415 1392 3508 συνεισάγει

879 3525 916 3593 δέ
935 3525 991 3592 καί
1006 3521 1066 3616 την
1083 3518 1258 3618 παρ’ἦμᾶς
1274 3523 1392 3593 αἰτίαν.

858 3629 890 3699 οἱ
915 3632 1080 3700 Στωϊκοὶ
1102 3684 1228 3701 .......
1250 3625 1310 3724 τὴν
1333 3632 1394 3718 μὲν

881 3730 1026 3830 άνάγκην
1050 3732 1206 3830 άνίκητόν
1224 3764 1326 3830 φασιν
1342 3737 1395 3806 αί-

879 3843 955 3913 τίαν
981 3846 1036 3913 καί
1068 3844 1249 3937 βιαστικήν,
1274 3842 1334 3936 τὴν
1357 3846 1394 3914 δὲ

882 3950 1081 4044 εἱμαρμένην
1097 3949 1294 4043 συμπλοκὴν
1306 3950 1394 4019 αἰτι-

881 4065 926 4127 ῶν
934 4060 1142 4152 τεταγμένην,
1151 4047 1393 4150 ε’νῇσνμπλοκῇ

880 4162 985 4234 καὶτὸ
995 4157 1184 4256 παρ’ἡμᾶς,
1196 4159 1279 4234 ὥστε
1288 4161 1395 4251 τάμέν

882 4267 1044 4362 εἱμάρθαι
1063 4269 1105 4342 τά
1126 4274 1163 4342 δὲ
1183 4263 1393 4360 ἀνειμάρθαι.
