3398 4952
766 321 987 392 ..12-

403 541 432 611 4.
457 543 500 610 de
525 540 608 608 anni
632 539 746 608 civilis
769 538 872 608 initio
897 538 1018 629 [III,22]

457 666 492 756 a)
516 667 609 756 apud
634 675 771 734 exteras
796 665 958 733 nationes

534 774 570 862 α)
594 774 688 863 apud
713 772 925 858 Babylonios
948 773 1217 862 Aegyptiosque
1240 773 1288 862 (p.
1305 770 1403 860 uun)

533 883 570 971 β)
594 881 688 969 apud
712 880 867 948 Graecos
891 877 1051 968 (p.60,1s)

456 1009 491 1090 b)
516 1007 610 1096 apud
636 1010 817 1074 Romanos

535 1115 591 1203 ol)
614 1114 658 1180 de
681 1113 783 1180 initio
807 1113 1015 1181 sacerdotali
1038 1117 1085 1201 (p.
1103 1110 1184 1199 61,1)

534 1225 589 1307 th)
612 1221 656 1287 de
679 1219 782 1287 initio
806 1219 902 1287 civili
926 1223 972 1308 (p.
991 1216 1072 1305 61,s)

536 1329 589 1418 γι)
613 1328 656 1394 de
679 1326 782 1394 initio
804 1326 920 1415 patrio
944 1334 989 1415 (p.
1006 1324 1100 1413 diua)

404 1473 484 1556 Qua
501 1469 708 1558 quaestione
725 1469 890 1558 expedita
905 1469 976 1536 iarn
993 1479 1112 1556 restat,
1136 1479 1177 1538 ut
1192 1470 1235 1538 de
1250 1469 1331 1538 libri
1349 1470 1466 1560 quarti

294 1579 412 1645 indole
436 1578 668 1666 disputemus,
697 1599 800 1666 quem
834 1599 855 1644 a
880 1578 980 1663 Lydo
1009 1601 1028 1645 e
1057 1577 1234 1645 mensium
1258 1599 1405 1646 numero
1429 1578 1465 1645 in

294 1685 480 1753 duodecim
504 1694 621 1774 partes
646 1685 800 1753 divisum
825 1706 902 1752 esse
925 1707 988 1772 per
1011 1708 1049 1752 se
1072 1685 1300 1754 manifestum
1325 1694 1389 1752 est.

401 1815 525 1897 Itaque
553 1811 655 1880 nobis
679 1811 919 1898 quaerendum
945 1821 1007 1895 est,
1043 1833 1195 1898 quanam
1220 1815 1305 1879 usus
1329 1811 1466 1878 ratione

294 1918 497 2007 disputandi
532 1921 683 1985 Ioannes
718 1917 942 2004 singulorum
972 1918 1148 1985 mensium
1180 1918 1466 2007 explanationem

294 2024 541 2113 composuerit.
588 2026 668 2109 Qua
691 2024 728 2091 in
752 2046 789 2091 re
806 2025 928 2107 Lydus
951 2025 1029 2112 ipse
1052 2034 1184 2092 certam
1201 2025 1303 2093 uobis
1319 2026 1465 2113 praebet

294 2154 426 2218 ansam,
457 2153 537 2199 curn
566 2131 603 2198 in
628 2134 684 2217 Il,r
714 2127 855 2219 (p.18,at
877 2130 985 2199 haece
1009 2132 1124 2200 docet:
1154 2131 1324 2221 περὶτῶν
1355 2137 1466 2223 μηνῶν

294 2237 415 2322 εἰπεῖν,
443 2232 524 2308 ὅθεν
546 2238 603 2306 καὶ
627 2232 723 2318 ὅπως
742 2234 803 2330 τὴν
822 2238 1050 2329 προσηγορίαν
1066 2230 1175 2307 αὐτῶν
1190 2239 1325 2319 ἕκαστος
1340 2236 1464 2331 εἴληφε,

293 2347 350 2414 καὶ
382 2340 470 2436 ὅπερ
499 2337 717 2414 καθ’ἕκασνον
745 2337 853 2414 αὐτῶν
879 2352 950 2428 τοῖς
975 2338 1152 2434 Ῥωμαίοις
1181 2344 1289 2414 πάλαι
1318 2372 1466 2435 παρατε-

292 2452 438 2544 νήρηναι.
485 2455 586 2520 Haec
619 2475 704 2521 vero
741 2454 848 2522 verba
882 2454 967 2543 quin
1003 2456 1116 2522 solum
1146 2455 1276 2523 librum
1299 2462 1464 2543 quartum

292 2561 491 2649 respiciant,
507 2560 564 2627 his
580 2559 747 2628 omnibus
763 2582 868 2648 supra
885 2561 1075 2649 disputatis
1087 2563 1157 2629 iam
1170 2563 1304 2630 nemini
1316 2560 1464 2631 dubium

294 2691 370 2736 esse
402 2689 538 2735 censeo.
586 2667 657 2736 Sed
686 2689 766 2735 cum
791 2667 1046 2753 examinamus,
1075 2691 1161 2736 num
1187 2668 1401 2742 Laurentius
1428 2669 1464 2735 in

294 2775 485 2844 tractandis
509 2774 690 2842 mensibus
714 2774 807 2841 hanc
828 2773 1001 2841 rationem
1027 2775 1231 2860 servaverit,
1254 2797 1325 2842 nou
1342 2797 1465 2843 omnes

293 2905 349 2950 res
374 2904 461 2971 quas
485 2882 545 2949 ille
568 2882 605 2948 in
629 2881 747 2950 medio
771 2881 872 2969 ponit
895 2881 1057 2969 singulas
1082 2881 1247 2970 expedire
1263 2903 1464 2970 possumus;

293 3013 374 3057 nam
410 2989 448 3056 in
471 2991 540 3057 hoc
562 2989 639 3076 ipso
662 2989 752 3056 libro
776 2989 898 3074 Lydus
922 2988 1043 3056 omnia
1065 3009 1309 3076 quaecumque
1333 2997 1367 3056 et
1391 2989 1465 3056 ubi-

293 3120 444 3187 cumque
473 3097 656 3165 contextui
684 3097 838 3164 inserere
861 3105 1010 3185 poterat,
1037 3095 1074 3162 in
1099 3116 1210 3162 unum
1235 3116 1362 3184 corpus
1386 3118 1465 3164 eon-

293 3206 468 3274 sarcinare
492 3205 638 3276 studuit.

402 3330 538 3396 Primae
550 3330 765 3418 paragraphi
777 3329 880 3398 initio
891 3327 1007 3416 Lydus
1021 3339 1210 3418 postquam
1228 3329 1312 3397 anni
1325 3330 1463 3398 initium

293 3438 499 3506 Ianuarium
531 3460 689 3505 mensem
720 3437 893 3505 Romanis
924 3439 1089 3524 aNuma
1119 3438 1355 3508 constitutum
1387 3458 1464 3504 esse

295 3546 468 3635 exposuit,
486 3545 636 3614 transitu
653 3545 799 3614 ridicule
816 3546 967 3633 abrupto
983 3566 1068 3613 usus
1080 3546 1125 3613 de
1137 3548 1224 3613 Iano
1237 3545 1302 3613 deo
1315 3544 1463 3631 disserit,

293 3654 371 3743 quis
395 3654 442 3722 sit
465 3674 627 3742 quaeque
650 3652 694 3719 de
717 3674 758 3720 eo
781 3653 888 3720 fuerit
910 3653 1090 3721 veteribus
1113 3653 1242 3740 opinio,
1273 3653 1463 3741 expediens

292 3762 444 3850 primum
475 3762 615 3830 diversa
646 3759 722 3826 eius
752 3759 899 3826 nomina
930 3760 978 3846 (p.
996 3757 1088 3846 63,s),
1119 3759 1246 3827 deinde
1269 3759 1313 3826 de
1336 3760 1463 3827 statuis

292 3871 339 3957 (p.
351 3866 458 3954 63,ro),
472 3879 547 3937 turn
562 3869 605 3936 de
617 3877 745 3935 natura
755 3867 803 3954 (p.
814 3863 905 3955 uqa),
918 3866 1070 3954 denique
1083 3867 1127 3933 de
1139 3866 1253 3954 signis
1265 3866 1463 3954 fabulisque

292 3981 336 4063 (p.
358 3972 439 4061 66,⁴)
465 3976 615 4045 locutus,
663 3978 739 4042 Iam
769 3996 852 4041 vero
875 3976 1027 4041 Ioannes
1051 3973 1087 4040 in
1112 3973 1339 4061 sequentibus
1366 3995 1465 4062 para-

292 4082 448 4169 graphis,
481 4081 564 4171 quid
596 4104 617 4149 a
641 4081 814 4149 Romanis
838 4080 990 4168 singuiis
1014 4081 1161 4150 huiusce
1184 4082 1314 4149 mensis
1338 4082 1462 4150 diebus

291 4190 519 4258 observatum
542 4190 597 4275 sit,
621 4190 803 4278 explorare
826 4189 952 4277 incipit
974 4189 1081 4278 idque
1105 4212 1149 4257 ex
1173 4189 1294 4256 ordine
1316 4189 1462 4274 dierum,

292 4297 403 4367 veluti
427 4296 464 4364 in
486 4299 560 4384 le
585 4298 628 4366 de
651 4296 774 4386 primis
791 4296 1035 4366 Kalendarum
1058 4297 1163 4383 feriis,
1186 4296 1316 4384 quibus
1340 4297 1462 4365 consul
