3398 4952
806 323 1025 396 „16-

327 539 498 608 delibatas
526 540 563 606 in
592 561 703 608 unum
733 552 944 610 concentum
972 542 1152 629 redegisse
1175 551 1287 631 patet:
1316 543 1353 610 id
1377 551 1496 612 autem

325 647 387 714 ille
407 647 498 733 fecit,
522 648 616 735 quod
640 657 771 735 auctor,
795 649 852 717 cui
876 649 1012 717 dierum
1035 650 1168 718 indices
1192 651 1305 737 debet,
1329 650 1397 718 hoc
1419 650 1497 739 ipso

325 755 403 822 loco
426 776 507 823 eum
531 755 568 821 in
592 754 684 823 hanc
707 778 780 824 rem
805 757 951 825 ferebat.

433 862 542 931 Cuius
575 863 626 931 rei
655 863 751 931 aliud
780 864 943 932 excitabo
971 867 1184 953 exemplum.
1237 869 1279 933 In
1309 865 1392 933 anni
1422 887 1497 934 ver·

326 970 434 1038 tentis
464 971 635 1038 naturalis
658 971 866 1038 definitione
888 972 926 1038 in
949 975 1031 1058 111„
1057 983 1102 1060 (p.
1118 970 1200 1062 39,1)
1225 972 1347 1058 Lydus
1370 972 1414 1040 ab
1439 995 1497 1039 ex-

325 1077 501 1165 plananda
526 1077 661 1144 denarii
678 1079 816 1146 numeri
833 1089 961 1147 natura
977 1079 1219 1167 proficiscitur,
1243 1079 1374 1147 circum
1390 1101 1495 1168 quem

325 1207 400 1252 sese
424 1193 628 1273 torquentes
644 1195 680 1254 et
696 1195 942 1254 convertentes
959 1188 1060 1274 quasi
1077 1187 1207 1255 circum
1225 1188 1356 1254 flexum
1374 1209 1496 1256 omnes

324 1302 471 1359 currunt
505 1293 643 1360 numeri
671 1297 712 1381 (p.
729 1291 840 1381 38,ro);
876 1315 1014 1382 semper
1042 1303 1161 1361 autem
1189 1294 1219 1360 is
1247 1293 1284 1360 in
1312 1317 1350 1362 se
1377 1294 1494 1382 ipsum

324 1400 483 1486 recurrit,
519 1400 650 1488 quippe
684 1422 789 1488 quem
817 1400 998 1468 continere
1025 1423 1148 1468 omnes
1175 1423 1340 1469 numeros
1367 1412 1495 1470 natura
1619 1435 1630 1460 ι

324 1516 474 1575 testetur
491 1513 535 1595 (p.
551 1505 659 1595 38,2³).
701 1511 776 1578 Iam
794 1509 900 1575 simili
919 1509 1033 1594 mod0,
1050 1531 1120 1597 quo
1136 1530 1304 1576 numerus
1321 1509 1494 1593 denarius,

324 1615 359 1682 in
389 1636 427 1682 se
455 1615 572 1702 ipsum
600 1616 748 1683 recurrit
775 1638 898 1700 annus,
927 1616 1021 1684 unde
1041 1638 1169 1684 nomen
1190 1615 1318 1704 accipit
1341 1615 1387 1704 (p.
1404 1613 1494 1703 39,1),

323 1722 487 1809 idemque
502 1723 586 1790 facit
602 1723 762 1808 circulus,
785 1745 889 1812 quem
907 1723 1028 1808 Lydus
1045 1723 1165 1791 statim
1183 1722 1326 1811 expedit
1341 1723 1386 1810 (p.
1403 1719 1493 1807 39,2).

324 1832 449 1916 ltaque
473 1829 579 1898 etiam
604 1831 697 1917 quod
722 1853 763 1897 ea
786 1831 904 1917 figura
928 1830 1057 1897 dicitur
1081 1830 1269 1913 circulariS,
1297 1851 1389 1917 quae
1412 1853 1433 1896 a
1456 1851 1494 1896 se

323 1936 400 2023 ipsa
429 1937 554 2023 incipit
577 1947 612 2004 et
637 1937 766 2004 desinit
789 1937 825 2003 in
850 1937 1034 2025 seipsam,
1058 1937 1093 2003 id
1118 1937 1209 2024 quod
1235 1939 1419 2027 proprium·
1440 1947 1495 2003 est

324 2044 492 2131 temporis
517 2049 562 2132 (p.
580 2041 670 2132 39,⁴)‚
696 2044 862 2132 Aegyptii
887 2053 1086 2132 serpentem
1108 2044 1256 2111 caudam
1273 2044 1492 2111 mordentem

322 2151 564 2238 pyramidibus
592 2151 799 2239 insculpunt
826 2163 933 2240 atque
957 2153 1064 2218 etiam
1088 2172 1184 2217 nunc
1207 2152 1327 2218 orbem
1352 2151 1492 2238 templis

321 2259 526 2344 inscribunt,
555 2259 649 2346 quod
678 2280 792 2327 annus
820 2259 875 2326 sui
903 2259 1014 2347 ipsius
1043 2268 1079 2326 et
1107 2257 1248 2325 initium
1273 2266 1309 2325 et
1331 2258 1414 2325 finis
1438 2266 1493 2325 est

321 2370 367 2453 (p.
383 2363 478 2454 39,⁷);
506 2366 551 2433 ob
575 2388 724 2455 eamque
748 2388 891 2435 causam
915 2366 1084 2455 temporis
1108 2365 1250 2432 initium
1277 2365 1491 2452 Pythagorei

321 2496 391 2541 non
416 2474 579 2562 primum,
604 2474 663 2540 sed
689 2497 800 2542 unum
825 2475 1011 2542 nominant
1035 2472 1082 2561 (p.
1100 2469 1229 2561 39,1⁴)..

428 2584 529 2648 Haec
551 2581 663 2668 igitur
686 2591 772 2650 sunt
794 2582 900 2648 huius
924 2579 1138 2669 paragraphi
1155 2590 1377 2668 argumenta,
1400 2602 1490 2668 quae

322 2711 342 2756 e
364 2689 513 2757 diversis
537 2690 694 2756 fontibus
718 2690 885 2757 arcessita
909 2711 979 2756 non
1002 2689 1128 2756 inscite
1152 2689 1292 2774 Lydum
1317 2689 1353 2755 in
1378 2710 1490 2754 unum

321 2818 447 2884 corpus
471 2797 734 2864 consarcinasse
759 2805 920 2884 apertum
945 2795 1018 2865 est.¹
1055 2796 1157 2880 Quae
1181 2796 1275 2862 unde
1295 2795 1490 2883 arripuerit,

320 2904 421 2971 nobis
456 2925 551 2971 nunc
579 2904 819 2992 quaerendum
844 2912 907 2971 est.
955 2903 996 2970 Id
1021 2904 1114 2971 enim
1140 2903 1234 2990 quod
1258 2903 1302 2969 de
1325 2902 1409 2968 anni
1434 2902 1491 2968 de-

319 3012 480 3080 finitione
503 3012 635 3099 profert
659 3034 703 3078 ex
726 3033 768 3078 eo
791 3011 888 3078 fonte
903 3010 1059 3094 fluxisse,
1082 3032 1188 3097 equo
1203 3010 1287 3076 anni
1303 3008 1489 3077 historiam

320 3120 545 3208 decerpserit,
578 3141 640 3206 per
674 3141 712 3186 se
745 3127 799 3186 est
832 3118 1073 3201 manifestum3
1101 3117 1185 3185 huic
1212 3116 1357 3205 opinoni
1386 3117 1489 3198 favet,

320 3227 413 3314 quod
437 3227 568 3293 similia
591 3227 683 3315 apud
709 3235 844 3294 ceteros
868 3225 1054 3312 scriptores
1078 3224 1138 3312 qui
1162 3222 1206 3291 de
1229 3247 1323 3291 anno
1339 3233 1490 3310 egerunt

319 3344 481 3402 enarrata
502 3335 665 3422 legimus.
713 3335 772 3402 Sic
795 3334 892 3401 dicit:
1386 3327 1388 3330 ’

425 3445 537 3511 Varro
564 3442 608 3509 de
637 3445 677 3515 L.
701 3445 741 3515 L.
758 3445 809 3512 Vl
833 3440 869 3511 8:
899 3447 1076 3528 tempusa
1106 3442 1225 3508 bruma
1251 3443 1300 3506 ad
1325 3441 1488 3514 brumam,

319 3551 400 3615 dum
432 3551 486 3615 sol
510 3551 608 3624 redit,
638 3555 922 3626 manturanum,
954 3551 1046 3637 quod
1064 3555 1105 3614 ut
1121 3550 1227 3636 parvi
1248 3549 1371 3614 cz'rculi
1389 3548 1494 3614 anuli

316 3658 367 3722 sic
390 3658 510 3744 magni
531 3657 731 3724 dz’cebontur
753 3658 887 3723 circites
909 3659 979 3732 ani,
1002 3659 1095 3723 unde
1117 3679 1240 3722 annus.

428 3767 569 3832 Praeter
592 3767 787 3833 Varronem
817 3774 936 3833 autem
966 3765 1053 3832 alios
1082 3785 1222 3852 quoque
1251 3784 1383 3830 annum
1408 3784 1487 3829 cum

318 3871 448 3940 circulo
472 3893 694 3960 comparasse
716 3873 754 3938 hi
778 3871 845 3939 loci
869 3871 1021 3940 dilucide
1044 3871 1305 3938 demonstrant:

424 3978 455 4047 1.
479 3979 635 4046 Isidorus
652 3981 694 4046 de
711 4001 775 4046 rer.
793 3988 866 4046 nat.
880 3975 909 4063 6,
927 4001 1032 4067 quem
1044 3979 1160 4045 locum
1176 3981 1219 4045 ad
1232 3975 1487 4045 Suetonianam

317 4087 513 4154 doctrinam
531 4088 587 4168 (cf.
610 4087 677 4173 frg.
697 4083 761 4152 121
786 4086 901 4174 Reiff.)
919 4097 1012 4154 recte
1028 4093 1286 4154 revocaverunt
1303 4084 1368 4152 viri
1385 4082 1488 4169 docti,

317 4195 420 4262 docet
444 4195 545 4261 haec:
576 4217 707 4260 annum
730 4247 837 4263 .....
863 4196 1090 4282 pausianum
1115 4194 1184 4258 dici
1204 4193 1340 4279 quadam
1358 4196 1491 4278 pectant

317 4304 356 4368 id
376 4309 426 4368 est
447 4303 623 4376 circulum,
647 4303 791 4368 undeet
811 4304 916 4370 anuli
935 4303 1021 4368 dicti
1040 4306 1126 4368 sunt
1148 4300 1359 4365 dimz'nutive.
