3398 4952
798 304 996 375 -2..

315 519 473 591 conlecta
490 519 754 610 compositaque
769 523 971 610 fragmenta
982 521 1120 591 inlustri
1135 522 1316 591 volumine
1329 545 1482 612 compre-

311 630 424 698 hensa
436 628 580 717 Lipsiae
596 650 689 697 anno
704 625 793 696 1898
810 629 928 713 edidit,
952 630 1039 698 satis
1055 630 1198 697 firmum
1210 630 1480 699 fundamentum

313 737 404 822 lecit,
432 737 477 804 de
504 736 562 804 his
585 735 754 823 Lydianis
781 735 880 803 libris
907 736 1136 805 restituendis
1164 736 1297 824 optime
1326 737 1482 822 meritus,

313 844 350 912 id
373 843 467 933 quod
491 844 594 913 iustis
617 844 782 912 laudibus
806 843 1031 912 concinentes
1048 846 1252 913 extulerunt
1273 867 1395 912 omnes
1411 846 1482 912 lere

312 951 459 1020 litterati
482 951 659 1039 iudices.¹)

422 1061 524 1127 Haec
558 1067 678 1126 autem
706 1058 869 1145 Lydiana
903 1059 1104 1146 fragmenta
1139 1081 1219 1127 cum
1254 1059 1384 1128 abhinc
1411 1081 1482 1127 non

315 1167 429 1236 multo
451 1166 533 1256 plus
557 1175 700 1233 centurn
724 1187 836 1234 annos
860 1167 953 1233 foras
978 1166 1106 1234 emissa
1129 1167 1292 1252 iacerent,
1315 1167 1391 1235 lieri
1412 1190 1483 1235 non

314 1274 438 1362 potuit,
463 1273 548 1361 quin
571 1273 712 1342 diversa
737 1283 844 1362 atque
865 1273 984 1363 prouti
1009 1274 1163 1342 virorum
1188 1273 1371 1341 doctorum
1394 1275 1483 1342 alius

315 1381 464 1448 aliarum
488 1402 606 1449 rerum
623 1380 793 1449 maiorem
811 1380 1028 1450 minoremve
1045 1391 1244 1470 respectum
1261 1402 1339 1449 esse
1354 1381 1484 1449 haben-

315 1488 400 1555 dum
428 1497 573 1575 putaret
600 1498 663 1557 aut
691 1488 884 1556 austeriora
914 1499 976 1556 aut
1004 1488 1213 1576 benigniora
1241 1489 1284 1556 de
1307 1488 1363 1555 his
1386 1489 1484 1557 libris

317 1595 441 1682 quanti
470 1605 589 1663 essent
616 1595 719 1683 pretii
743 1595 873 1663 iudicia
898 1596 1102 1689 excitarent.
1150 1595 1220 1681 Qui
1245 1595 1339 1683 quod
1363 1618 1484 1663 omnes

316 1703 388 1769 lere
416 1701 526 1769 critici
557 1711 593 1769 et
620 1702 836 1790 antiquiores
867 1713 903 1770 et
929 1704 1141 1770 recentiores
1170 1726 1191 1770 a
1221 1702 1374 1790 Photio2)
1403 1702 1485 1770 inde

317 1831 429 1897 usque
457 1810 502 1877 ad
530 1810 812 1892 Wuenschium3)
841 1810 1002 1877 unanimi
1029 1832 1143 1899 paene
1179 1833 1353 1878 consensu
1388 1810 1485 1878 illam

318 1917 550 1984 absurdarum
563 1917 762 1984 fabularum
772 1918 1031 2005 stultorumque
1041 1917 1251 2005 placitorum
1262 1917 1486 2005 farraginem,

318 2025 433 2112 qualis
463 2047 483 2091 a
511 2024 706 2097 Laurentio
734 2046 902 2112 persaepe
932 2025 1115 2112 profertur,
1150 2025 1411 2112 neglegendam
1445 2047 1487 2091 ac

317 2131 481 2199 vilissimi
494 2131 597 2219 pretii
610 2154 686 2199 esse
699 2130 982 2218 pronuntiarunt,
998 2153 1069 2198 non
1082 2131 1210 2198 mirum
1224 2141 1287 2198 est.
1319 2134 1486 2200 Attamen

317 2260 463 2326 „operae
487 2248 541 2307 est
563 2239 745 2326 pretium“,
770 2238 822 2306 uti
839 2237 1043 2308 Wuenschii
1069 2237 1215 2326 verbis4)
1240 2249 1328 2323 utar,
1350 2237 1486 2322 „multi-

320 2346 444 2412 fariam
467 2346 564 2412 illam
581 2345 787 2431 doctrinam,
811 2366 880 2432 qua
897 2344 1058 2432 Byzantii
1075 2346 1251 2432 quondam
1269 2344 1488 2412 excellebant

320 2451 405 2536 viri,
425 2453 486 2540 qui
515 2452 610 2520 docti
633 2452 863 2539 habebantur,
885 2453 1025 2540 plenius
1049 2471 1262 2540 cognoscere
1286 2463 1329 2537 et,
1357 2451 1487 2540 quain

319 2581 357 2626 re
373 2580 513 2626 summa
534 2558 618 2643 eius,
642 2580 733 2646 quae
749 2560 943 2632 Laurentio
961 2559 1105 2628 attribui
1123 2562 1220 2645 solet,
1243 2560 1357 2627 laudis
1373 2560 1487 2647 posita

232 2749 235 2758 y
322 2676 384 2752 est,
400 2666 516 2754 ipsum
533 2675 673 2734 secutos
689 2667 734 2733 ad
750 2667 865 2734 fontes
882 2666 1102 2750 adscendere,
1123 2690 1142 2733 e
1159 2666 1287 2754 quibus
1303 2666 1486 2734 scientiam

322 2795 423 2841 suam
447 2773 615 2843 hauserit.
656 2795 736 2840 cum
760 2795 845 2841 vero
869 2773 1009 2840 illorum
1033 2773 1185 2840 fontium
1203 2773 1361 2856 condicio
1377 2797 1418 2841 ea
1434 2774 1488 2858 sit,

210 2923 214 2928 -
324 2891 364 2948 ut
398 2890 559 2948 auctores
588 2879 789 2949 adhibuerit
812 2879 934 2966 Lydus
962 2879 1040 2968 ipso
1063 2901 1202 2967 semper
1224 2881 1295 2946 lere
1319 2880 1488 2965 meliores,

323 2987 383 3077 qui
397 2997 594 3076 temporum
612 2987 801 3075 iniquitate
816 2987 917 3054 nobis
935 2987 1065 3055 servati
1083 3009 1153 3054 non
1166 2997 1250 3056 sunt
1262 3026 1304 3036 —
1316 2986 1488 3075 imprimis

324 3118 384 3164 eos
408 3095 497 3179 dico,
520 3094 580 3182 qui
601 3094 818 3183 scripserunt
832 3095 876 3162 de
893 3098 1135 3162 Romanorum
1151 3093 1422 3181 antiquitatibus
1439 3133 1489 3177 -,

433 3280 457 3358 ¹)
483 3281 519 3339 cf.
543 3281 637 3340 Guil.
660 3282 753 3351 Kroll,
776 3282 852 3340 Berl.
875 3283 1018 3358 philolog.
1034 3280 1274 3339 Wochenschrift
1291 3281 1362 3337 XIX
1379 3274 1490 3362 (1899)

324 3371 381 3434 Νο.
406 3369 448 3430 20
472 3391 502 3446 p.
526 3369 589 3431 612
606 3384 665 3446 sq.;
689 3372 720 3433 F.
745 3373 862 3440 Hirsch‚
886 3369 1126 3430 Wochenschrilt
1149 3370 1194 3427 fur
1216 3370 1304 3428 klass.
1327 3369 1490 3444 Philologie

323 3459 395 3518 XVI
417 3454 532 3541 (1899)
521 3457 612 3536 )No.
627 3459 724 3535 37p.
752 3460 835 3522 1009
852 3475 912 3537 sq·
937 3461 995 3536 Hg,
1018 3459 1141 3518 Literar.
1158 3459 1356 3518 Centralblatt
1378 3453 1490 3539 (1899)

325 3549 382 3607 Νο.
398 3548 436 3609 31
456 3568 486 3625 p
505 3547 588 3609 1069
605 3561 664 3630 sq.;
688 3550 747 3624 My,
769 3550 873 3608 Revue
898 3550 1024 3626 critique
1048 3545 1202 3607 d’histoire
1227 3549 1311 3606 etde
1327 3547 1491 3605 litterature

324 3637 452 3696 XXXIV
475 3632 590 3719 (1900)
614 3637 671 3696 Νο.
696 3637 768 3714 up.
792 3638 833 3698 98
850 3656 894 3714 sq

432 3721 459 3810 2)
483 3727 604 3785 Photius
632 3728 653 3784 l.
669 3745 695 3785 c.
718 3728 777 3785 hoc
806 3726 952 3785 iudicium
979 3726 1050 3790 fert:
1086 3713 1106 3828 ἡ
1135 3746 1216 3833 περ)
1243 3725 1356 3827 μηνῶν
1383 3745 1492 3828 πραγ-

324 3806 705 3922 μανε1ἀ,εἰκαὶπολο
724 3804 763 3878 τὸ
787 3799 951 3924 ἔχρηστον
973 3808 1048 3895 ἔχει,
1075 3801 1146 3878 ἀλλ’
1171 3836 1227 3878 ουν
1250 3805 1340 3896 πρὸς
1361 3836 1420 3902 την
1434 3835 1494 3901 της

326 3893 544 3992 ἀρχαιότητος
565 3898 760 3992 μάθησιν
745 3898 880 3987 επίχαρί
901 3925 938 3967 τε
960 3899 1017 3967 καὶ
1040 3897 1113 3967 λίαν
1134 3901 1296 3988 χρειῶδες.

435 3993 460 4074 ³)
484 3995 707 4053 Wuenschius
698 4013 729 4052 rn
744 3995 837 4071 praef.
855 3997 903 4053 ed.
918 4014 949 4071 p.
966 3995 1033 4052 V
1010 4012 1053 4052 sic
1068 3994 1196 4052 iudicat:
1221 4035 1333 4062 ......
1349 4012 1494 4071 nugarum

327 4085 519 4162 mysticarum
549 4084 708 4142 multitudo
737 4126 1030 4148 ..........
1054 4084 1144 4161 digna
1174 4083 1221 4141 vix
1251 4083 1387 4142 videatur
1417 4102 1494 4152 esse,

329 4193 407 4250 quae
431 4173 559 4250 posteris
582 4175 741 4232 tradatur.“

435 4259 463 4347 ⁴)
487 4264 638 4322 Wuenscb
663 4266 681 4321 l.
698 4282 724 4322 c.
