3398 4952
710 319 929 388 ...51-

230 533 264 606 οί
284 534 430 604 Στωικοί
449 527 571 624 μικτήν
587 530 766 624 πυρόςκαὶ

230 634 340 731 ἀέρος,
368 635 515 710 Πλάτων
541 641 579 708 ἐκ
609 639 767 722 πλείονος

229 755 289 818 τοῦ
328 745 513 838 πυρώδους,
546 738 766 837 Ἀναξαγόρας

230 856 288 925 καὶ
332 852 540 947 Δημόκριτος
592 854 765 942 στερέωμα

127 1037 132 1042 ,
230 960 436 1051 διαπιρον,
414 986 489 1047 εχον
500 986 535 1030 εν
547 985 651 1050 εαιτφ
634 959 764 1029 πεδια

232 1071 289 1140 καί
314 1059 373 1160 όρη
397 1068 454 1138 καὶ
476 1066 662 1158 φάραγγας,

229 1169 502 1268 Ἡράκλειτος
462 1201 523 1266 γην
537 1165 655 1264 ὁμίχλῃ
668 1199 766 1262 περι-

232 1283 437 1376 ειλημμένην,
461 1311 462 1314 ¹

230 1388 438 1481 Πυθαγόρας
458 1417 495 1482 γε
510 1383 576 1480 μήν
592 1389 766 1478 πυροειδὲς

230 1525 339 1586 σωμα.

255 1767 341 1852 Lyd.
359 1769 452 1850 111,12
478 1771 524 1853 (p.
542 1762 751 1850 53,1s-54‚⁷)

234 1945 313 2033 περὶ
327 1945 364 2013 δὲ
374 1951 434 2011 τοῦ
449 1934 523 2010 κατ’
534 1936 636 2033 αάτήν
652 1936 767 2034 φωτός

230 2053 383 2139 ἐροῦμεν,
430 2042 478 2130 ιάς
514 2041 767 2137 Ἀναξίμανδρος

228 2161 291 2245 μέν
328 2155 422 2227 ίδιον-
444 2148 545 2246 αι’τήν
579 2161 653 2246 φῶς
680 2154 767 2240 ἔχειν

229 2263 393 2352 βοόλεται,
416 2260 609 2352 ἀραιότερον
624 2263 662 2330 δέ
677 2288 764 2344 πως,

232 2365 251 2440 5
298 2373 334 2440 δε
379 2363 543 2462 Ἀντιφιον
589 2365 664 2459 ίδίφ
706 2369 767 2456 μὲν

230 2480 345 2571 φέγγει
369 2476 519 2564 λάμπειν
545 2471 605 2567 τήν
629 2474 767 2568 σελήνην

230 2585 326 2678 φησί,
348 2582 390 2653 τό
413 2576 489 2654 δί’
467 2582 767 2673 ἀποκρυπτόμενον
822 2565 827 2674 ή

235 2693 312 2779 περὶ
346 2684 449 2782 αάτήν
476 2684 546 2760 ἀπὸ
573 2698 634 2782 τῆς
657 2715 766 2778 προσ-

230 2803 334 2892 βολῆς
343 2805 402 2866 τοῦ
416 2790 510 2891 ήλίου
521 2789 764 2886 ἀμαυροῦσθαι,

231 2903 421 2999 πεφυκότος
465 2912 523 2973 τοῦ
564 2903 766 2994 ἰσχυροτέρου

231 3010 344 3106 φωτός
360 3007 399 3081 τὸ
413 3004 653 3097 ἀσθενέστερον
666 3003 765 3098 ἀμαυ-

232 3127 315 3206 ροῦν,
363 3107 382 3187 ὃ
420 3116 460 3210 δή
500 3118 672 3205 συμβαίνει
709 3119 765 3186 καί

234 3227 313 3316 περὶ
336 3224 379 3295 τά
404 3216 489 3295 ἀλλα
513 3216 627 3313 άστρα.

235 3337 349 3425 Θαλῆς
372 3334 408 3402 δὲ
431 3333 487 3401 καί
511 3331 543 3400 οἱ
574 3324 639 3400 ἀπ’
667 3323 766 3400 αὐτοῦ

231 3431 302 3508 δπδ
336 3447 394 3509 τοῦ
428 3433 524 3532 ήλίοο
558 3439 766 3530 φωτιζεσθαι

231 3544 300 3639 τήν
315 3545 480 3639 σελήνην’
467 3546 643 3634 ενέκριναν,

233 3646 251 3721 ὅ
264 3679 335 3780 γε
371 3647 438 3745 μήν
475 3645 691 3741 Ἡράκλειτος
727 3646 767 3719 τὸ

232 3751 314 3828 αάτδ
338 3759 553 3828 πεπονθέναι
582 3756 640 3827 τὸν
671 3751 768 3847 ἥλιον

232 3893 288 3935 και
296 3893 359 3957 την
371 3866 510 3958 σελήνην
522 3866 626 3958 φησι
645 3891 768 3958 σκαφο-

231 3967 380 4054 ειδεῖς
341 3999 409 4098 γαρ
419 3999 514 4054 οντας
523 3999 594 4054 τοις
604 3972 768 4065 σχήμασιν

232 4080 270 4150 ἐκ
290 4087 351 4171 τής
378 4074 481 4171 ὑγρᾶς
509 4071 768 4207 ἀναθυμιάσεως

232 4187 443 4278 φωτίζεσθαι
465 4181 553 4277 πρὸς
568 4184 629 4278 τήν
644 4213 767 4279 φαντα-

230 4293 315 4378 σίαν,
363 4293 594 4384 λαμπρότερον
640 4294 677 4360 δέ
710 4290 769 4360 τάν

875 529 1055 602 ολ·Στωικοί
1066 527 1186 624 μικτήν
1196 524 1344 624 ίκπυρδς
1352 533 1409 602 καί

875 631 980 730 ἀέρος.
1015 638 1161 709 Πλάτων
1188 631 1226 709 ἔκ
1247 640 1409 722 πλείονος

873 753 933 815 τοῦ
969 744 1151 838 πυρώδους.
1191 738 1410 838 Ἀναξαγόρας

979 851 1191 946 Δημόκριτος
1236 855 1409 944 στερέωμα

874 949 1065 1050 διάπυρον”
1050 987 1125 1048 εχον
1136 951 1172 1030 έν
1183 959 1290 1051 ἑαυτφ
1273 960 1406 1030 ’πεδία

873 1068 932 1137 καὶ
956 1056 1017 1160 όρη
1041 1068 1100 1136 καί
1122 1065 1303 1195 φάραγγας.

873 1167 1157 1266 Ἡράκλειτοςγήν
1178 1168 1295 1266 ὁμίχλῃ
1313 1202 1410 1263 περι

875 1308 1039 1375 εχομενην.

876 1388 1082 1480 Πυθαγόρας
1149 1390 1410 1479 κατοπτροειδὲς

875 1522 982 1583 σίομα.

877 1713 967 1778 Plut.
984 1733 1038 1798 ep.
1056 1679 1161 1795 1128:
1177 1713 1258 1799 περὶ
1279 1665 1410 1804 φωτισέ

1023 1824 1094 1903 μῶν
1115 1816 1263 1910 σελήνης.

1155 2039 1407 2138 Ἀναξίμανδρος

874 2152 963 2224 ίδιον
977 2147 1079 2246 αάτήν
1093 2155 1177 2240 ἔχειν
1192 2162 1273 2247 φῶς,
1293 2147 1402 2245 ἀραιό-

873 2287 966 2351 τερον
989 2263 1026 2330 δέ
1049 2289 1138 2342 πως.
1183 2339 1185 2344 Ι

1146 2362 1309 2460 Ἀντιφῶν
1332 2367 1408 2460 ίδίῳ

874 2476 990 2567 φέγγει
1013 2475 1163 2563 λάμπειν
1185 2474 1244 2567 τήν
1260 2475 1408 2569 σελήνην,

873 2577 912 2651 τό
992 2585 1028 2652 δὲ
1105 2581 1411 2672 ἀποκρυπτόμενον

875 2691 953 2779 περὶ
988 2681 1090 2781 αι’·τήν
1117 2683 1188 2760 δπδ
1215 2699 1276 2783 τῆς
1304 2716 1410 2781 προσ*

873 2801 976 2889 βολῆς
986 2805 1044 2866 τοῦ
1058 2791 1151 2889 ήλίου
1167 2791 1409 2888 ἀμαυροῦσθαι,

876 2904 1065 2995 πεφυκότος
1101 2913 1160 2974 τοῦ
1203 2905 1410 2996 ἰσχυροτέρου

875 3007 981 3100 πυρός
995 3007 1034 3079 τό
1053 3004 1289 3103 ἀσθενέστερον
1304 3005 1409 3099 ἀμαυ-

846 3124 848 3127 ’
874 3125 971 3207 ροῦν·
1007 3113 1025 3186 ἀ
1053 3117 1093 3212 δή
1130 3120 1323 3211 συμβαίνειν
1352 3121 1409 3188 καί

876 3229 955 3312 περὶ
979 3220 1021 3292 τά
1046 3215 1131 3295 άλλα
1151 3218 1264 3315 άστρο.

878 3335 990 3423 Θαλῆς
1032 3334 1088 3400 καὶ
1132 3333 1163 3401 οί
1212 3327 1277 3402 ἀπ’
1310 3325 1410 3402 αὐτοῦ

875 3430 946 3506 ἀπὸ
978 3445 1036 3507 τοῦ
1071 3435 1167 3531 ήλιόυ
1200 3442 1411 3532 φωτίζεσθαι

874 3543 935 3636 τήν
958 3546 1108 3638 σελήνην.

1134 3646 1346 3744 Ἡράκλειτος
1372 3651 1412 3724 τδ
1467 3733 1475 3748 ,

876 3754 957 3831 αάτδ
987 3763 1204 3830 πεπονθέναι
1231 3758 1290 3830 τάν
1320 3755 1412 3850 ήλιον

874 3871 930 3938 καί
973 3863 1034 3962 τήν
1078 3867 1225 3961 σελήνην.
1284 3894 1412 3960 σκαφο-

876 3981 976 4058 ειδεῖς
991 3975 1054 4069 γάρ
1072 3967 1170 4056 όντας
1182 3982 1253 4056 τοῖς
1265 3975 1411 4067 σχήμασι

874 4078 951 4165 τοάς
970 4076 1118 4172 ἀστέρας,
1144 4083 1336 4169 δεχομένους
1349 4079 1412 4162 τάς

1048 4182 1057 4208 t

875 4291 985 4388 αι’·γάς,
1011 4296 1220 4387 φωτίζεσθαι
1242 4292 1331 4387 πρός
1349 4289 1411 4387 τήν
1484 4287 1487 4296 ’

1299 4421 1335 4475 μ
