3418 4954
719 380 941 449 ..61-

246 596 373 665 visisse
397 596 580 684 exponit¹)
627 596 668 662 Id
692 606 812 665 autem
836 620 906 664 non
924 597 1123 664 Aristotelis
1146 597 1315 684 placitum
1332 607 1431 675 erat,

246 726 329 771 uam
355 725 436 771 eum
461 703 551 771 duas
575 714 714 771 tantum
738 713 865 791 partes,
888 698 947 772 rin
968 711 1044 772 νοῦν
1065 697 1124 772 τὸν
1147 697 1346 796 παθητικὸν
1367 709 1424 775 καὶ

245 807 286 878 τὸ
315 811 471 898 ποιοῢνῖ)
500 810 591 894 dico,
619 808 825 878 distinxisse
853 811 945 878 inter
974 833 1098 878 omnes
1126 823 1272 880 constat
1320 816 1425 882 Hanc

246 924 304 987 τοῦ
334 922 390 985 νοῦ
418 916 455 984 in
487 925 557 984 tres
585 927 704 1005 partes
732 917 943 986 divisionem
974 919 1151 986 excultam
1177 941 1254 986 esse
1278 921 1322 987 ab
1345 922 1426 988 Ale·

248 1026 387 1093 xandro
403 1025 679 1114 Aphrodisiensi,
696 1025 756 1113 qui
770 1025 874 1093 tertio
886 1047 920 1114 p.
934 1025 1013 1094 Chr.
1027 1049 1062 1095 n.
1075 1027 1215 1094 saeculo
1227 1026 1435 1096 Aristotelis

247 1133 443 1201 doctrinam
461 1132 528 1199 sibi
545 1130 846 1220 interpretandam
862 1132 1046 1220 proposuit
1062 1133 1108 1200 ob
1120 1155 1268 1221 eamque
1281 1156 1423 1202 causam

247 1262 417 1327 persaepe
444 1238 697 1332 honestissimo
721 1239 934 1326 cognomine
963 1230 981 1307 ὁ
1003 1245 1063 1307 τοῦ
1086 1230 1329 1328 Ἀριστοτέλους
1352 1242 1425 1333 ἐξη-

246 1345 350 1438 γητής
388 1357 534 1414 ornatus
574 1367 650 1413 esse
690 1345 830 1431 dicitur,
869 1369 912 1413 ex
951 1358 1173 1434 posterorum
1212 1348 1424 1416 testimoniis

248 1455 351 1521 facile
374 1452 634 1540 intellegitur.³)
681 1453 784 1537 Quod
810 1453 839 1520 si
861 1476 924 1541 pro
941 1475 1025 1521 vero
1041 1465 1207 1542 certoque
1224 1456 1424 1543 sumpseris
1527 1512 1529 1516 ,

246 1562 419 1628 concedes
435 1561 512 1628 sine
528 1561 636 1629 dubio
653 1562 720 1628 hoc
736 1560 994 1649 compendium,
1010 1561 1142 1649 quippe
1158 1563 1252 1648 quod
1268 1563 1336 1630 hoc
1349 1563 1428 1630 Ale·

247 1667 384 1752 xandri,
401 1690 472 1735 non
489 1667 688 1736 Aristotelis
705 1667 875 1754 placitum
893 1667 1114 1749 continuerit,
1136 1680 1217 1756 post
1236 1670 1424 1737 Alexandri

251 1775 539 1864 Aphrodisiensis
576 1786 748 1862 tempora,
788 1775 824 1840 id
860 1784 914 1841 est
947 1786 1029 1862 post
1063 1776 1206 1843 tertium·
1242 1778 1424 1844 saeculum

247 1883 485 1970 compositum
521 1903 599 1949 esse
633 1882 677 1948 ab
712 1882 855 1950 homine
889 1883 1041 1968 quodam
1070 1883 1331 1967 mathematico,
1365 1885 1426 1972 qui

252 1989 451 2057 Philoniani
475 2010 616 2076 quoque
639 1990 793 2056 auctoris
822 1989 929 2056 libros
951 1990 1002 2056 ita
1026 1990 1208 2076 excerpsit,
1239 2001 1280 2058 ut
1303 1992 1425 2077 Lydus

249 2108 287 2166 et
322 2098 423 2164 Philo
456 2096 586 2184 partim
623 2097 667 2164 ad
703 2117 813 2163 unum
847 2097 1068 2184 eundemque
1095 2098 1230 2165 iontem
1260 2099 1425 2166 ultimum

247 2206 406 2274 redeant
454 2203 550 2289 Quin
574 2203 680 2271 etiam
698 2205 847 2271 fortasse
864 2203 1038 2291 quispiam
1056 2204 1099 2270 ad
1116 2225 1195 2270 eam
1211 2205 1425 2272 sententiam

250 2311 468 2400 processerit,
503 2321 544 2378 ut
577 2310 684 2377 huius
721 2311 920 2398 compendii
956 2320 1136 2377 auctorem
1171 2311 1280 2378 luisse
1316 2312 1429 2399 philo·

249 2420 403 2508 sophum
431 2418 586 2506 aliquem
610 2418 907 2505 Neoplatonicum
938 2428 1089 2502 censeat,
1112 2418 1319 2505 praesertim
1345 2441 1424 2486 cum

251 2529 316 2595 hos
340 2527 492 2594 multum
518 2525 554 2592 in
579 2524 751 2592 eiusmodi
776 2525 1043 2612 quaestionibus
1067 2537 1226 2594 versatos
1250 2549 1327 2595 esse
1348 2549 1429 2595 cou-

248 2647 334 2719 stet;
357 2644 539 2722 praeterea
563 2643 682 2700 autem
700 2633 824 2718 Lydus
839 2633 876 2700 in
893 2633 949 2700 his
967 2635 1128 2700 Proclum
1145 2633 1199 2700 bis
1215 2634 1425 2703 nominatim

250 2742 374 2810 laudat
407 2740 486 2829 [Hp
515 2741 563 2828 (p.
589 2737 722 2829 23,10)⁴)
751 2751 787 2808 et
815 2743 878 2824 II,r
907 2740 955 2829 (p.
983 2738 1106 2830 27,10)].
1159 2741 1282 2808 Nihilo
1316 2743 1428 2810 setius

249 2861 371 2918 autem
408 2859 502 2916 certo
537 2847 668 2915 iudicio
696 2847 874 2916 abstinere
902 2857 1070 2936 praestat3
1105 2870 1188 2914 nam
1222 2849 1324 2916 iacile
1351 2849 1427 2916 lieri

251 2941 399 3046 poterat,
433 2967 474 3044 ut
508 2955 631 3041 Lydus
665 2955 742 3044 ipse
778 2956 866 3023 haec
901 2954 1104 3023 testimonia
1132 2956 1285 3040 adderet
1320 2966 1428 3044 atque

250 3074 421 3151 quantam
445 3063 625 3131 doctrinae
649 3063 786 3150 copiam
810 3062 848 3129 in
869 3062 937 3130 hoc
953 3063 1202 3150 compendium
1218 3062 1278 3130 ille
1294 3063 1430 3131 mathe-

251 3170 404 3238 maticus
439 3170 687 3253 cumulaverit,
722 3169 882 3236 evincere
916 3191 988 3235 non
1023 3190 1225 3256 possumuS,
1261 3169 1427 3255 quoniam

253 3278 376 3363 Lydus
411 3277 487 3345 eius
522 3276 653 3364 placita
687 3276 873 3363 multiplici
910 3275 1069 3343 doctrina
1102 3275 1259 3362 undique
1288 3287 1426 3364 arrepta

249 3385 493 3474 locupletavit.

364 3493 468 3559 Plura
485 3513 661 3578 exponere
684 3512 775 3578 quae
793 3491 837 3558 ad
854 3491 949 3557 hunc
966 3490 1057 3573 Lydi
1074 3492 1206 3556 iontem
1225 3489 1429 3557 adcuratius

256 3639 470 3650 .-.-.-.-—-

364 3713 386 3789 ¹)
410 3715 490 3771 hunc
512 3713 614 3770 locum
637 3713 768 3770 breviter
790 3712 886 3789 tetigit
909 3712 970 3769 iam
993 3712 1016 3769 1.
1032 3711 1078 3768 Fr.
1093 3711 1231 3769 Schultae
1255 3711 1274 3766 l.
1290 3727 1316 3767 c.
1331 3729 1361 3787 p.
1378 3708 1430 3770 45.

362 3801 388 3880 ²)
404 3802 448 3860 sic
464 3801 657 3860 scribendum
673 3809 733 3870 est;
750 3819 820 3858 nam
835 3802 1016 3859 vocabulum
1031 3800 1090 3861 τοῦ
1107 3800 1162 3862 νοῦ
1177 3798 1235 3861 τοῦ
1250 3798 1430 3883 ποιητικοῦ

252 3893 389 3949 nondum
416 3891 567 3949 invenitur
595 3890 676 3965 apud
704 3891 898 3948 Aristotelem
920 3890 1029 3965 ipsum,
1057 3890 1112 3947 sed
1136 3907 1154 3946 a
1177 3888 1306 3964 posteris
1329 3889 1431 3946 tritum

252 3989 315 4048 est;
340 3979 378 4038 cs.
401 3980 514 4048 Bonita,
536 3981 598 4038 ind.
614 3980 735 4039 Aristot.
751 3999 780 4055 p.
797 3978 882 4040 4911)
900 3978 934 4047 3;
959 3979 1065 4046 Zeller‚
1080 3979 1191 4039 Philon.
1207 3978 1262 4040 der
1276 3977 1430 4036 Griechen

251 4068 346 4140 11,2³
368 4088 398 4145 p.
421 4069 486 4130 570
510 4077 572 4128 not.
595 4068 626 4129 4.

365 4153 392 4236 ³)
415 4157 453 4217 cs.
476 4158 582 4226 Zeller,
605 4159 625 4216 l.
648 4175 674 4216 c.
697 4157 773 4225 111,1
792 4156 805 4199 ³
828 4177 857 4234 p.
874 4154 938 4216 797
962 4164 1024 4214 not.
1047 4155 1076 4217 2.

363 4241 388 4329 ⁴)
412 4248 462 4305 ille
480 4247 653 4306 Proclianur
674 4264 777 4304 versus
797 4246 849 4322 qui
865 4247 923 4304 hoc
939 4247 1008 4304 loco
1026 4253 1107 4303 extat
1122 4245 1239 4302 videtur
1255 4246 1438 4318 desumptus

250 4353 322 4394 esse
346 4355 384 4394 ex
406 4337 503 4394 Procli
528 4337 638 4411 hymno
663 4336 702 4392 ad
719 4322 850 4396 Ἥλιον.
