3418 4954
693 365 915 435 ,59-

212 586 365 654 welches
389 608 454 654 vor
471 583 795 678 orviurqas'vstand,
818 583 855 649 in
874 583 958 650 ἐπεί
970 580 1395 667 verdndertumgestelit

213 695 299 762 und,
316 715 355 761 so
384 692 442 759 die
470 692 592 760 zweite
624 689 863 778 Eigenschait
887 689 949 755 der
972 688 1060 754 Zahl
1093 686 1242 773 Dreissig
1269 687 1395 754 durchi

217 800 386 867 einander
416 799 647 886 gewirrthat
669 798 735 865 mit
758 798 820 864 der
845 806 973 878 ersten,
996 793 1289 862 wahrscheinlich
1313 795 1393 861 weil

215 930 253 975 er
287 906 344 974 die
372 909 493 976 Worte
527 906 629 972 nicht
663 904 843 986 verstand,
879 903 1012 970 welche
1047 902 1108 968 aui
1141 896 1244 992 μηνὸς
1276 898 1395 981 κύκλος

213 1003 352 1101 iolgten
388 1014 463 1080 und
499 1013 579 1080 dem
603 1010 751 1081 Satzteil
773 1002 945 1078 ‘collectio
969 1009 1192 1095 singulorum
1217 1008 1393 1075 mensium

214 1122 319 1209 plena
335 1109 583 1187 delineatione'
600 1117 842 1207 entsprachen.
889 1116 1026 1184 Sollten
1049 1138 1086 1182 es
1102 1114 1282 1182 vielleicht
1299 1115 1395 1181 diese

215 1247 380 1315 gewesen
396 1226 487 1293 sein:
503 1223 659 1314 σύλλογος
675 1221 860 1315 διχομήνων
877 1221 996 1314 πλήρει
1014 1220 1175 1314 opipara?
1198 1260 1239 1271 —
1263 1222 1395 1288 Ferner

213 1333 297 1400 iand
318 1355 355 1400 er
375 1333 424 1400 im
442 1331 697 1399 Griechischen
720 1322 940 1419 Ἡράκλειτος
955 1325 1070 1421 γενεὰν
1085 1320 1188 1419 cirria
1202 1331 1297 1397 καλεῖ
1312 1330 1345 1402 d.
1361 1330 1393 1396 h.

213 1433 274 1528 τὴν
307 1436 537 1527 τριακοντάδας
573 1460 611 1504 er
645 1439 758 1524 bezog
793 1461 831 1504 es
866 1438 1032 1524 dagegen
1068 1437 1201 1504 sinnlos
1237 1438 1299 1503 aui
1330 1438 1394 1504 das

215 1545 636 1631 nichstvorhergehende
661 1546 733 1611 und
757 1555 867 1612 setzte
891 1544 1001 1610 daher
1022 1539 1080 1612 τὸν
1104 1549 1220 1634 μῆνα.“

322 1656 424 1719 Haec
459 1662 543 1719 sunt
578 1651 761 1738 Bernaysii
797 1653 915 1736 verba,
950 1652 1011 1740 qui
1046 1652 1123 1718 sine
1157 1652 1265 1719 dubio
1300 1665 1395 1720 recte

214 1759 473 1828 demonstravit
500 1780 580 1825 eum
612 1759 677 1846 qui
697 1759 793 1826 hunc
814 1767 932 1826 locum
958 1760 1133 1846 excerpsit
1157 1760 1280 1846 gravia
1305 1782 1397 1827 corn-

215 1867 352 1934 misisse
386 1866 483 1934 vitia.
531 1867 636 1951 Quod
665 1876 783 1934 autem
813 1867 868 1933 vir
896 1868 1021 1933 doctus
1047 1867 1185 1951 Lydum
1216 1867 1332 1954 ipsum
1357 1868 1394 1934 in

215 1974 282 2041 hac
309 1996 347 2040 re
375 1974 565 2040 offendisse
593 1973 802 2061 suspicatur,
830 1974 899 2040 hoc
927 1973 1014 2040 rnihi
1044 1975 1186 2041 -videtur
1210 1996 1392 2062 perperam

215 2081 384 2168 docuisse.
430 2083 525 2147 Nam
556 2080 586 2146 si
616 2103 638 2147 a
668 2079 768 2166 Lydo
795 2081 874 2167 ipso
903 2080 998 2147 hunc
1026 2081 1143 2148 locum
1167 2103 1211 2146 ex
1238 2081 1395 2149 Philonis

215 2189 313 2255 ionte
341 2209 418 2254 esse
446 2197 652 2274 excerptum
684 2208 916 2271 censeremus
945 2189 1031 2274 quin
1062 2187 1129 2254 hoc
1153 2209 1293 2276 qnoque
1309 2189 1396 2269 ioco

216 2304 312 2362 certe
346 2297 499 2360 Ioannes
533 2294 756 2360 describendi
792 2295 964 2361 rationem
1000 2305 1143 2362 secutus
1176 2296 1252 2362 eius
1289 2296 1394 2363 verba

216 2423 329 2488 paene
355 2422 419 2488 pro
444 2400 582 2474 verbis.
598 2400 800 2468 redditurus
828 2401 992 2487 idemque
1023 2423 1064 2467 ac
1089 2401 1190 2470 Philo
1218 2405 1395 2470 relaturus

216 2508 330 2592 fuerit,
358 2508 393 2576 in
423 2508 571 2576 dubium
600 2529 727 2576 vocare
754 2529 826 2574 non
855 2529 1054 2594 possumus.
1107 2510 1186 2594 Qua
1213 2510 1258 2577 de
1287 2531 1395 2577 causa

218 2616 387 2682 Ioannem
412 2638 484 2682 non
507 2616 624 2702 ipsum
649 2637 694 2681 ex
719 2613 878 2682 Philonis
902 2625 1046 2683 auctore
1069 2615 1239 2701 hausisse,
1263 2617 1325 2684 sed
1349 2619 1395 2684 ab

216 2721 286 2787 alio
309 2723 463 2808 pendere
486 2722 573 2788 mihi
597 2722 740 2809 quidem
765 2722 958 2790 verisimile
981 2733 1046 2790 est.
1346 2726 1349 2732 ’

323 2827 391 2895 Sed
418 2829 486 2895 hoc
508 2829 652 2916 quidem
678 2840 891 2916 argumento
915 2829 981 2896 sibi
1006 2852 1076 2897 non
1102 2832 1305 2917 persuaderi
1328 2834 1395 2899 ior-

217 2947 311 3003 tasse
348 2934 523 3022 quispiam
561 2935 699 3004 dixerit.
756 2939 923 3004 Attamen
955 2938 1077 3022 gravis
1111 2938 1181 3004 alia
1213 2938 1396 3008 invenitur

217 3065 333 3126 causa,
357 3065 434 3130 qua·
450 3043 711 3110 demonstretur
727 3043 820 3128 Lydi
837 3054 873 3111 et
890 3043 1047 3111 Philonis
1070 3044 1209 3131 placita,
1230 3047 1395 3133 quamvis

217 3149 346 3236 partim
364 3150 407 3215 ad
425 3149 575 3215 eundern
593 3161 774 3216 auctorem
792 3150 958 3217 ultimum
975 3151 1150 3236 recedant,
1167 3174 1394 3240 nequaquam

217 3278 262 3322 ex
278 3278 350 3323 nno
367 3255 561 3342 eodemque
570 3257 675 3324 :fonte
692 3256 853 3344 proximo
865 3256 971 3324 simul
985 3258 1146 3343 {luxisse3
1163 3281 1245 3326 narn
1259 3261 1392 3328 iontem

216 3385 238 3429 a
266 3362 367 3448 Lydo
388 3362 594 3430 ,adhibitum
623 3373 705 3449 post
730 3363 886 3430 Philonis
917 3375 1069 3433 aetatem
1100 3367 1294 3453 perfectum
1318 3385 1396 3435 esse

216 3491 332 3552 nemo,
355 3479 397 3536 ut
412 3468 545 3557 opinor,
569 3469 724 3556 negabit,
748 3471 808 3556 qui
825 3471 913 3538 alios
928 3473 1024 3539 locos
1040 3483 1176 3540 attente
1192 3475 1394 3562 perlegerit.

217 3577 340 3662 Lydus
372 3575 481 3643 enim
499 3585 638 3664 praeter
670 3579 909 3644 narrationem
943 3579 986 3646 de
1023 3581 1214 3668 septenarii
1256 3580 1398 3648 numeri·

216 3696 344 3756 natura
367 3683 404 3749 in
433 3685 513 3767 II,12
537 3683 667 3753 factam
692 3683 729 3750 in
753 3685 899 3751 secundi
922 3685 1002 3752 libri
1025 3687 1260 3774 paragraphis
1283 3685 1395 3753 4-11

215 3791 261 3858 de
284 3789 363 3857 aliis
386 3789 542 3856 numeris
566 3789 653 3876 agit,
677 3790 714 3856 in
738 3788 759 3856 4
775 3803 811 3858 et
827 3788 847 3857 6
864 3791 908 3858 de
925 3792 1081 3880 primarii
1098 3795 1236 3861 numeri
1253 3795 1396 3862 rationis

216 3899 299 3981 bus,
315 3896 352 3964 in
381 3894 402 3961 7
430 3897 482 3964 de·
502 3897 710 3980 secund-arii,
735 3896 817 3966 in8
840 3901 884 3967 de
909 3901 1060 3977 ternarii,
1084 3901 1120 3966 in
1145 3897 1165 3967 9
1189 3902 1233 3968 de
1257 3912 1396 3989 quater-

217 4002 378 4086 nariiin
403 4000 447 4068 10
470 4004 514 4070 de
535 4004 698 4092 quinarii,
722 4005 758 4070 in
782 4004 822 4070 11
839 4008 884 4073 de
901 4007 1045 4091 senarii,
1061 4008 1396 4094 mathematicorum·

216 4111 353 4199 placita.
372 4111 571 4179 venditans.
619 4112 720 4195 Quae
744 4114 863 4180 omnia
887 4135 959 4180 non
977 4116 1081 4181 modo
1097 4114 1174 4201 ipsa
1189 4115 1398 4202 argumenti

217 4217 395 4285 affinitate
430 4218 627 4299 cohaerent,
662 4218 723 4283 sed
753 4218 860 4286 etiam
890 4220 1095 4308 disputandi
1122 4221 1259 4288 ratione
1288 4232 1396 4307 atque

215 4322 476 4412 disquisitionis
498 4323 625 4407 indole,
651 4333 691 4390 ut
714 4345 820 4413 supra
837 4349 868 4414 p.
887 4323 907 4392 7
924 4328 1392 4412 ᾶεηιοιιεῐτανὶωιιε,ιιιηιιω
