3398 4952
692 402 889 472 ..3-

207 620 252 688 ob
268 621 336 688 hoc
351 621 466 709 ipsum
480 631 640 692 veterum
658 630 841 690 auctorum
854 621 1012 690 studium
1023 621 1171 691 minime
1182 621 1375 710 neglegen-

207 728 292 795 dum
317 749 393 796 esse
415 730 544 798 librum
568 731 669 798 illum
694 731 735 796 de
757 729 927 794 mensibus
944 731 1067 816 patet.“
1077 732 1098 813 ¹)

314 838 414 922 Quae
424 860 505 905 cum
519 859 583 907 suo
596 838 671 904 iure
681 836 917 907 Wuenschius
929 837 1088 924 posuerit
1099 835 1190 904 etde
1201 836 1257 903 his
1269 836 1374 906 rebus

208 944 302 1031 apud
319 945 459 1030 Lydum
484 945 712 1013 observandis
736 966 849 1031 usque
873 944 916 1011 ad
941 945 1008 1012 hoc
1025 953 1163 1031 tempus
1180 944 1374 1012 continenti

206 1051 451 1138 disquisitione
477 1061 617 1141 praeter
640 1055 810 1119 Ioannem
835 1050 1052 1119 Fridericum
1076 1051 1241 1121 Schultze
1270 1073 1375 1140 quae-

207 1159 362 1226 stionum
401 1160 641 1244 Lydianarum
681 1161 888 1243 auctorem2)
927 1181 1032 1226 nemo
1071 1159 1142 1227 fere
1184 1159 1372 1247 quicquam

206 1266 392 1354 scripserit,
408 1268 502 1335 unde
518 1269 734 1355 patefactum
752 1288 829 1335 esse
845 1289 1017 1353 magnum
1035 1266 1255 1354 fertilemque
1271 1288 1374 1354 quae-

206 1372 304 1439 rendi
329 1395 493 1462 campum
518 1374 672 1462 adparet,
695 1376 763 1441 hac
786 1375 830 1442 de
853 1396 890 1441 re
914 1396 1063 1442 examen
1084 1373 1270 1442 instituere
1286 1373 1373 1440 mihi

206 1502 276 1546 non
301 1481 456 1548 alienum
480 1481 629 1551 videtur.
676 1482 741 1548 Ille
772 1482 866 1548 enim
889 1482 945 1550 vir
968 1482 1101 1565 doctus,
1131 1481 1190 1568 qui
1215 1481 1258 1548 de
1283 1481 1374 1567 Lydi

206 1586 344 1675 scriptis
368 1588 591 1675 maximeque
616 1588 675 1674 eis,
703 1589 831 1676 quibus
856 1589 981 1656 titulus
1005 1598 1059 1656 est
1081 1587 1162 1675 περὶ
1185 1579 1296 1676 ἅρχῶν
1316 1595 1376 1681 τῆς

205 1683 378 1780 Ῥωμαίων
412 1695 635 1784 πολιτείας,3)
670 1695 893 1783 quaestiones
929 1695 1097 1780 instituit,
1132 1695 1197 1763 etsi
1232 1719 1304 1763 non
1338 1696 1374 1762 id

207 1801 345 1888 agebat,
368 1813 409 1870 ut
433 1803 524 1889 Lydi
547 1805 672 1888 fontes,
697 1826 715 1870 e
740 1803 869 1891 quibus
893 1802 930 1869 in
953 1803 1033 1891 περὶ
1056 1809 1167 1894 μηνῶν
1188 1803 1374 1888 hausisset,

206 1909 389 1996 detegeret
409 1912 466 1979 vel
487 1911 695 1995 nominaret,
719 1919 839 1977 tamen
855 1910 1024 1977 adcurata
1041 1910 1286 1998 disquisitione
1302 1911 1372 1978 iam

206 2017 291 2084 satis
314 2019 445 2086 multas
470 2041 560 2106 quae
583 2041 660 2087 sese
684 2019 839 2085 offerunt
854 2017 1084 2085 difficultates
1100 2018 1244 2086 sustulit
1259 2006 1374 2104 neque

205 2123 298 2191 illius
323 2125 499 2193 sententia
515 2148 684 2214 umquam
701 2124 846 2213 neglegi
862 2134 990 2212 potest.
1037 2127 1113 2190 Nec
1129 2123 1246 2191 minus
1262 2147 1373 2212 grave

206 2232 249 2298 ad
261 2233 514 2300 absolvendam
531 2233 623 2300 hanc
635 2233 912 2321 disputationem
926 2231 1123 2299 subsidium
1138 2231 1373 2301 Wuenschius

205 2339 280 2426 ipse
296 2339 398 2407 nobis
415 2362 456 2407 eo
471 2343 625 2428 praebet,
649 2340 741 2428 quod
761 2350 801 2407 ut
818 2361 925 2427 quam
941 2338 1112 2426 plurimos
1129 2338 1261 2407 similes
1277 2339 1373 2406 locos

206 2447 378 2514 adnotans
402 2448 503 2514 nobis
526 2448 641 2516 fontes
658 2448 837 2533 Lydianos
853 2446 1076 2533 indagaturis
1093 2467 1260 2534 persaepe
1277 2448 1371 2515 viam

205 2555 394 2639 quaerendi
423 2554 569 2642 egregie
595 2563 778 2640 monstret,
811 2553 849 2620 in
882 2552 975 2642 Lydi
1009 2552 1108 2621 libris
1142 2554 1373 2622 inlustrandis

204 2659 417 2730 laudabilem
446 2661 645 2730 conlocavit
675 2683 828 2749 operam.
875 2660 1006 2729 Omnia
1035 2660 1104 2728 alia
1133 2671 1252 2729 autem
1282 2684 1373 2750 quae

205 2768 304 2854 quasi
338 2768 376 2834 in
411 2780 615 2838 transcursu
654 2790 922 2856 nonnumquam
957 2768 1025 2837 viri
1062 2768 1156 2835 docti
1191 2769 1235 2836 de
1271 2771 1372 2855 Lydo

205 2875 491 2962 observaverunt,
514 2883 588 2944 suis
612 2876 698 2944 locis
722 2877 910 2944 afferemus
935 2885 971 2942 et
993 2875 1264 2944 recensebimus

313 3079 334 3158 ¹)
357 3082 415 3140 hoc
439 3081 613 3140 Wuenscbii
643 3081 787 3138 iudicium
818 3099 880 3138 non
906 3081 998 3138 modo
1030 3079 1060 3136 in
1084 3097 1154 3137 enm
1177 3082 1258 3138 valet
1280 3099 1372 3157 qnem

205 3187 282 3226 nunc
315 3171 413 3246 ipsum
436 3171 466 3228 in
493 3171 632 3228 manibus
659 3172 807 3228 habemus
836 3175 1004 3237 auctorem,
1039 3168 1093 3226 sed
1122 3169 1215 3226 etiam
1243 3170 1273 3226 in
1304 3188 1371 3246 per-

204 3260 313 3317 multos
337 3260 412 3318 alios
442 3261 669 3337 compilatores;
701 3279 772 3318 nam
803 3277 840 3317 ex
867 3259 911 3316 eis
942 3258 1013 3334 ipsis
1045 3257 1175 3333 scriptis,
1206 3277 1285 3334 qnae
1307 3271 1371 3336 pcr-

207 3348 307 3406 multas
342 3348 470 3424 reliquias
492 3351 656 3427 optimomm
683 3350 782 3426 ophini
804 3348 933 3424 temporis
954 3347 1114 3424 scriptorum
1139 3346 1187 3423 (cf.
1209 3347 1249 3406 H.
1269 3347 1373 3418 Linlre,

205 3437 407 3506 Quaestiones
442 3441 480 3497 de
514 3439 664 3497 Macrobii
698 3438 933 3496 Satumaliorum
968 3436 1114 3506 fontibus,
1149 3438 1219 3495 diss.
1253 3438 1371 3497 Vratisl.

207 3525 290 3586 1880
312 3547 342 3604 p.
359 3522 394 3610 3)
418 3529 600 3587 continuisse
624 3529 701 3586 inter
725 3545 831 3585 omnes
855 3534 982 3597 constat,
1013 3527 1203 3602 intellegitur,
1227 3535 1372 3602 qnantum

203 3617 312 3674 veteris
343 3618 499 3676 doctrinae
529 3618 717 3693 temporibus
741 3616 893 3692 scriptoris
917 3616 997 3692 apnd
1022 3634 1128 3674 omnes
1151 3615 1214 3674 fere
1239 3617 1372 3676 eruditos

204 3705 341 3763 homines
374 3716 569 3784 pervagatum
600 3706 702 3775 fuerit;
735 3705 773 3764 cf.
807 3706 900 3763 etiam
932 3706 1014 3782 quod
1045 3706 1084 3763 de
1115 3707 1172 3764 hac
1199 3723 1231 3763 re
1256 3707 1374 3782 scripsit

203 3794 384 3854 Merclrlinus
407 3797 484 3866 „Die
507 3798 619 3873 isagog.
642 3796 790 3854 Schriften
813 3796 867 3853 der
889 3795 1020 3853 Rdmer‘
1043 3796 1073 3852 in
1096 3795 1242 3871 Philologi
1256 3797 1314 3854 vol.
1330 3795 1372 3852 IV

203 3902 232 3958 p·
247 3882 383 4043 ⁴²35²)sql.
406 3975 438 4032 F.
461 3975 607 4044 Schultze,
635 3975 856 4042 Quaestionum
880 3974 1081 4049 Lydianarum
1108 3974 1256 4050 particula
1283 3975 1372 4049 prior,

203 4062 271 4122 diss.
295 4063 459 4140 Gryphisw.
487 4063 580 4128 1862.

310 4149 336 4231 ³)
359 4154 428 4212 vide
444 4154 539 4230 ipsius
549 4154 692 4214 Schultzii
706 4155 801 4211 verba
811 4156 829 4210 l.
846 4171 872 4211 c.
883 4173 912 4228 p.
926 4151 958 4214 2:
977 4171 1072 4229 „opus
1088 4153 1170 4229 qnod
1182 4151 1371 4229 potissimum
1455 4205 1459 4210 .

201 4243 290 4300 uobis
313 4243 547 4302 examinandum
570 4244 757 4302 sumsimus.“
