3398 4952
683 323 903 393 „15-

217 536 289 612 εἶτα
319 532 451 633 ἡμερῶν,
488 536 559 610 εἶτα
587 539 790 628 ἑβδομάδων,
819 535 942 608 ἔπειτα
969 542 1088 628 μηνῶν,
1124 530 1195 604 εἶτα
1222 535 1384 618 ἐνιαυτῶν,

217 651 348 718 ἐκεῖθεν
368 655 497 739 καιρῶν,
522 648 578 716 καὶ
592 643 631 715 τὸ
653 642 775 716 λοιπὸν
793 644 930 729 αἰώνων,
948 645 969 712 i.
988 667 1016 712 e.
1033 644 1210 732 profectus
1233 665 1255 710 a
1278 665 1388 731 parva

215 756 384 844 temporis
414 765 515 844 parte
545 758 578 842 [a
601 755 670 842 die]
694 753 918 844 progreditur
941 752 985 820 ad
1009 750 1178 818 maiorem
1204 749 1386 840 [mensem]

219 874 324 952 atque
346 863 537 931 maximam
565 861 721 951 [annum,
751 871 901 949 tempus,
930 859 1069 946 aevum]
1095 868 1130 926 et
1152 858 1234 925 inde
1256 858 1389 926 recedit

219 972 262 1038 ad
286 971 459 1039 minorem
484 969 667 1059 [mensem]
692 979 799 1057 atque
823 967 1008 1036 minimam
1030 966 1202 1054 [singulos
1218 966 1389 1053 cuiusque

220 1078 350 1146 mensis
374 1078 471 1164 dies].

791 1217 822 1290 2.

325 1332 431 1396 Hanc
454 1351 538 1396 vero
561 1328 802 1416 dispositionis
826 1327 1139 1414 investigationem
1156 1325 1389 1394 necessariam

221 1437 329 1505 fuisse
367 1437 567 1524 intelleges,
605 1437 635 1502 si
674 1457 743 1522 qua
779 1435 992 1524 compilandi
1026 1433 1162 1502 ratione
1198 1433 1320 1519 Lydus
1354 1433 1391 1498 in

223 1544 374 1633 singulis
408 1544 507 1611 libris
541 1566 628 1612 usus
662 1544 717 1627 sit,
755 1564 851 1610 nunc
889 1542 1071 1610 nobiscum
1104 1563 1251 1631 quaeres
1286 1541 1391 1627 idque

225 1651 394 1740 inprimis,
422 1652 564 1739 quando
592 1651 636 1718 ab
666 1650 735 1717 alio
763 1651 808 1718 ad
832 1651 940 1717 alium
965 1651 1098 1717 fontem
1123 1650 1183 1716 ille
1206 1649 1392 1717 deflectere

224 1759 397 1828 videatur.
444 1761 521 1824 Iam
549 1758 586 1825 in
615 1758 671 1824 his
694 1758 800 1825 rebus
823 1757 1058 1824 diiudicandis
1082 1779 1171 1842 quae
1194 1757 1348 1824 rationes
1372 1778 1393 1821 a

221 1865 322 1932 nobis
346 1866 588 1934 observandae
611 1865 692 1951 sint,
715 1865 898 1933 nonnullis
922 1865 978 1932 nsi
1002 1865 1172 1952 exemplis
1196 1864 1282 1932 satis
1297 1865 1394 1932 lucu-

221 1973 326 2040 lentis
350 1973 642 2040 demonstremus.

332 2084 374 2147 ln
392 2083 451 2165 II,2
470 2080 601 2165 LyduS,
625 2088 666 2148 ut
686 2101 793 2168 supra
808 2080 972 2164 diximus,
990 2080 1033 2146 de
1049 2078 1266 2146 diversarum
1284 2078 1395 2145 natio-

229 2209 315 2255 num
332 2187 389 2254 die
406 2187 500 2255 civili
518 2188 596 2255 fuse
611 2188 751 2255 locutus
766 2187 965 2275 Aegyptios
983 2187 1235 2273 Hebraeosque
1250 2187 1298 2273 (p.
1315 2183 1395 2274 lta)

227 2295 319 2362 diem
344 2318 364 2362 a
387 2317 535 2384 vespere
557 2294 767 2383 incipientes
792 2296 835 2361 ad
860 2304 1065 2383 sequentem
1082 2315 1269 2381 vesperum
1286 2293 1396 2360 adnu-

225 2424 377 2470 merasse
420 2412 630 2490 noctemque
678 2424 758 2469 cum
797 2396 854 2468 die
892 2401 1059 2470 veniente
1097 2401 1322 2469 coniunxisse
1361 2410 1397 2467 et

225 2519 411 2598 propterea
433 2520 573 2578 noctem
597 2509 755 2577 omnium
778 2531 897 2576 rerum
920 2519 1070 2577 matrem
1093 2508 1396 2597 acosmographis

226 2617 443 2685 nominatam
468 2639 544 2684 esse
568 2617 729 2706 explicat.
776 2617 901 2685 Noctis
925 2627 1044 2709 autem
1068 2639 1198 2684 nomen
1216 2617 1333 2700 efficit,
1357 2625 1397 2683 ut

228 2727 403 2798 Latonam
427 2746 503 2792 esse
526 2733 667 2793 noctem
692 2735 728 2792 et
750 2725 794 2792 ab
819 2747 860 2792 ea
886 2724 1038 2792 Dianam
1063 2733 1169 2812 atque
1197 2723 1397 2811 Apollinem

231 2833 372 2918 genitos
400 2854 476 2900 esse
504 2833 637 2918 doceat,
665 2832 902 2918 mythicorum
931 2832 1141 2900 auctoritate
1171 2831 1283 2898 nisus.
1321 2833 1397 2897 Iam

230 2962 313 3008 vero
347 2939 484 3006 dierum
518 2939 652 3007 indices
688 2961 776 3027 quos
811 2939 934 3025 Lydus
968 2939 1036 3007 hoc
1070 2939 1148 3007 loco
1180 2938 1327 3026 praebet
1350 2937 1398 3032 ad

229 3055 407 3114 auctorem
425 3046 485 3134 qui
502 3047 545 3113 de
561 3047 664 3115 fastis
680 3047 821 3134 scripsit
836 3047 948 3113 redire
964 3046 1054 3114 infra
1069 3045 1399 3113 demonstrabimus.

231 3156 335 3220 Hanc
369 3163 489 3221 autem
524 3154 567 3221 de
603 3157 742 3227 Latona
776 3153 1014 3220 narrationem
1047 3174 1118 3219 non
1154 3175 1198 3219 ex
1232 3153 1320 3218 libro
1355 3151 1399 3218 ad

230 3262 339 3328 fastos
361 3261 561 3348 pertinente
584 3261 730 3329 fluxisse
754 3261 829 3328 veri
854 3259 1042 3327 admodum
1062 3259 1176 3326 simile
1193 3269 1254 3344 est,
1278 3259 1339 3325 sed
1356 3281 1400 3324 ex

232 3391 272 3434 eo
296 3377 447 3453 auctore,
470 3369 527 3436 cui
551 3369 813 3457 disquisitiones
837 3366 1104 3454 mythologicas‚
1128 3389 1216 3455 quas
1239 3366 1298 3433 ille
1314 3365 1400 3433 satis

231 3475 361 3542 multas
400 3477 515 3561 affert,
553 3485 715 3564 acceptas
753 3473 901 3563 refert¹);
939 3474 976 3540 id
1007 3483 1158 3542 testatur
1189 3496 1261 3540 non
1294 3474 1401 3541 modo

232 3582 468 3668 mythicorum
502 3583 693 3650 auctoritas
722 3604 792 3670 qua
821 3582 943 3667 Lydus
971 3603 1008 3649 se
1037 3591 1170 3666 tuetur,
1205 3580 1265 3648 sed
1294 3581 1401 3647 etiam

233 3690 326 3777 quod
354 3690 507 3758 nominis
527 3679 683 3780 ’Ἄρτεμις
708 3689 802 3756 idem
832 3689 1066 3777 veriloquium
1094 3687 1210 3777 (οἱονεὶ
1234 3679 1403 3777 ἆερόνεμιν

233 3818 265 3884 p.
279 3795 375 3885 19,1³)
387 3797 544 3866 defendit
560 3797 653 3887 qnod
665 3805 701 3864 et
712 3797 911 3864 Macrobius
924 3797 1011 3886 (Sat.
1026 3800 1042 3863 Ι
1055 3792 1253 3880 15,20=v11
1268 3792 1402 3883 16‚2⁷).2)

341 3907 443 3990 Quae
473 3926 553 3973 cum
583 3905 634 3972 ita
664 3905 748 3990 sint,
781 3905 922 3990 Lydum
949 3925 1004 3972 res
1033 3927 1052 3971 e
1079 3904 1217 3972 duobus
1246 3903 1402 3970 fontibus

345 4053 369 4132 ι)
393 4073 453 4130 quo
478 4055 516 4113 de
540 4056 609 4112 loeo
634 4054 671 4112 cf.
694 4055 740 4118 Fr.
765 4053 906 4122 Bdrtzler,
928 4049 1115 4128 Porphyrius’
1133 4053 1240 4111 Schrift
1262 4070 1321 4110 von
1345 4053 1404 4109 den

237 4142 472 4211 Gotterbildem‚
496 4144 566 4202 diss.
581 4143 700 4220 Erlang.
719 4141 802 4207 1903
818 4163 847 4219 p.
866 4141 922 4210 63;
939 4143 1044 4200 videas
1059 4143 1152 4200 etiam
1168 4142 1244 4200 infra
1264 4141 1281 4217 ἓ
1305 4140 1359 4210 3,3.

344 4228 371 4311 2)
396 4234 433 4291 de
450 4233 598 4290 Macrobii
619 4233 871 4309 disputationibus
886 4232 1065 4308 theologicis
1081 4231 1119 4295 cf.
1136 4231 1174 4290 G.
1190 4232 1341 4297 Wissowa,
1356 4229 1404 4286 De

229 4315 385 4380 'Macrobii
394 4321 632 4381 Saturnaliorum
645 4322 777 4380 fontibus
787 4323 887 4400 capita
895 4321 960 4390 tria,
973 4322 1042 4378 diss.
1052 4321 1170 4378 Vratisl.
1184 4319 1266 4380 1880
1276 4339 1304 4398 p.
1312 4317 1405 4398 35sq.
