3398 4952
694 398 736 408 -
782 321 915 425 'sa-.-

278 596 281 598 ·
326 573 520 659 Quaerenti
533 579 617 641 ve'ro
633 573 694 642 cui
707 573 835 642 debeat
850 572 984 641 auctori
999 571 1120 658 Lydus
1133 573 1242 642 haece
1254 575 1397 663 placita,

216 680 350 747 nemini
381 681 529 748 dubium
557 682 631 748 lore
659 689 757 768 puto,
786 680 872 768 quin
896 680 1014 747 omnia
1038 703 1082 746 ex
1106 703 1176 748 uno
1201 681 1396 768 eodemque

217 789 319 855 fonte
329 786 511 855 fluxerint.
533 787 592 858 Ex
604 797 776 854 concentu
789 798 909 855 autern
922 807 1028 874 quem
1040 787 1132 854 inter
1140 787 1280 874 Lydum
1292 789 1390 872 111,12

216 907 255 961 et
262 894 440 962 Plutarchi
453 895 570 982 capita
582 889 684 978 11,25;
696 891 798 978 11:283
811 891 899 976 11,31
912 894 986 960 iam·
998 894 1228 982 Schultzius1)
1239 895 1398 962 animad-

217 1003 389 1086 vertebat,
412 1001 473 1068 illa
494 1001 656 1086 Lydiana
680 1001 787 1068 verba
811 1001 1036 1067 ePlutarcho
1060 1000 1235 1088 exscripta
1258 1023 1335 1069 esse
1359 1015 1394 1069 et

218 1107 433 1195 ubicumque
457 1118 645 1175 contextus
669 1107 859 1192 differrent,
889 1106 980 1192 Lydi
1004 1107 1253 1195 epitomatores
1276 1109 1333 1176 vel
1356 1109 1397 1174 li·

216 1214 352 1304 brarios
376 1216 518 1302 culpam
543 1213 719 1281 sustinere
742 1214 804 1281 ille
826 1214 957 1282 docuit.
1005 1214 1093 1280 Inde
1116 1224 1235 1281 autem
1260 1214 1396 1301 reliqua

217 1321 338 1388 omnia
368 1321 660 1409 philosophorum
689 1320 819 1408 placita
848 1345 867 1388 e
892 1321 1080 1389 Plutarcho
1109 1322 1297 1409 desumpta
1319 1343 1397 1389 esse

218 1428 427 1512 efficeretur,
452 1429 520 1495 nisi
544 1427 628 1495 huic
644 1427 802 1515 opinioni
819 1428 1001 1496 obstarent
1016 1427 1255 1496 difficultates.
1301 1431 1395 1494 Nam

219 1535 307 1602 haec
334 1536 466 1623 placita
494 1557 585 1622 quae
618 1557 704 1601 sane
734 1534 912 1602 Plutarchi
941 1557 1070 1602 nomen
1099 1557 1183 1622 prae
1211 1557 1249 1602 se
1276 1537 1396 1602 lerunt

218 1653 256 1708 et
291 1629 357 1709 sub
393 1642 516 1709 titulo:
551 1642 631 1730 περὶ
666 1647 732 1708 τῶν
767 1630 973 1730 ἀρεσκόντων
1007 1639 1214 1733 φιλοσόφοις,
1250 1648 1397 1733 φυσικῶν

218 1743 1397 1839 Qmwfflmmmoemmmmfflmfflmffiu

220 1855 342 1922 tarcho
379 1866 414 1921 et
442 1876 485 1921 ex
515 1855 742 1943 amplissimis
770 1853 865 1921 Attii
898 1854 1100 1942 philosophi
1132 1855 1230 1921 libris
1265 1856 1394 1922 hausta

219 1962 486 2049 compositaque
525 1983 601 2027 esse
641 1963 872 2028 Hermannus
914 1962 1013 2029 Diels
1052 1962 1198 2048 egregie
1237 1963 1399 2050 docuit²>

219 2068 393 2152 Quisnam
419 2089 504 2136 vero
526 2068 633 2135 fuerit
654 2068 730 2155 ipse
754 2068 860 2135 huius
885 2067 1084 2154 compendii
1106 2067 1394 2156 philosophorum

219 2175 351 2261 placita
385 2175 539 2262 amplexi
575 2186 696 2241 auctor
733 2196 874 2262 quoque
910 2184 1069 2261 tempore
1103 2195 1166 2261 per
1203 2175 1395 2262 epitomam

219 2282 474 2368 comprehensa
490 2281 537 2348 sit
552 2281 712 2348 doctrina
730 2281 887 2366 Aetiana,
904 2280 1049 2348 omnino
1070 2281 1187 2348 adhuc
1203 2283 1393 2350 obscurum
1415 2365 1418 2370 .

219 2399 283 2456 est.
340 2389 456 2474 Quam
495 2388 540 2454 ad
575 2409 650 2454 rem
685 2388 962 2475 pernoscendam
1000 2388 1122 2474 Lydus
1161 2388 1249 2455 nihil
1286 2374 1401 2474 affert,

220 2495 352 2584 quippe
375 2496 436 2582 qui
460 2493 614 2562 auctoris
637 2517 767 2562 nomen
783 2516 922 2582 semper
937 2496 1147 2562 dissimulet.
1187 2499 1263 2562 Nec
1279 2495 1397 2563 minus

221 2602 365 2669 difficile
381 2614 436 2670 est
452 2603 495 2668 ad
512 2601 789 2686 diiudicandum,
805 2612 925 2668 utrum
938 2605 1090 2670 Ioannes
1107 2625 1193 2670 usus
1211 2603 1258 2670 sit
1273 2603 1397 2670 eadem

221 2731 327 2796 quam
355 2731 450 2776 nunc
477 2709 515 2775 in
545 2709 711 2776 manibus
739 2708 911 2776 habemus
941 2708 1035 2777 Attii
1064 2710 1220 2797 epitoma
1254 2733 1299 2777 an
1328 2711 1400 2778 alio

221 2816 297 2883 eius
327 2815 533 2904 exemplari;
569 2837 652 2882 nam
681 2816 854 2883 nonnulla
881 2827 974 2901 sunt,
1002 2838 1093 2904 quae
1120 2817 1188 2883 hoc
1216 2818 1398 2886 suadeant.

222 2923 365 2994 Etenim
389 2922 482 2991 inter
507 2923 691 3010 utriusque
715 2922 894 3010 scriptoris
912 2923 1028 3007 verba,
1052 2922 1118 2990 etsi
1133 2923 1171 2990 in
1190 2923 1396 2992 universum

221 3031 265 3097 ad
290 3030 437 3098 verbum
463 3050 568 3117 saepe
592 3029 803 3116 conspirant,
828 3039 946 3097 tamen
971 3031 1163 3097 nonnullae
1187 3039 1313 3099 extant
1328 3030 1399 3098 dis·

222 3137 436 3224 crepantiae;
462 3135 554 3221 Lydi
578 3137 759 3223 exemplar
782 3136 968 3222 permultis
992 3137 1078 3202 locis
1102 3159 1173 3202 non
1197 3138 1302 3204 modo
1326 3159 1396 3204 non

220 3243 454 3327 decurtatum,
478 3243 540 3309 sed
564 3242 672 3310 etiam
697 3263 769 3310 uno
793 3241 898 3330 [lV,sa
924 3240 1119 3331 (p.134,ro)]
1141 3244 1396 3330 amplificatum

221 3360 289 3434 est3
313 3349 408 3436 quod
432 3359 551 3416 utrum
569 3348 691 3434 Lydus
716 3349 761 3415 de
783 3345 857 3415 suis
881 3348 1055 3416 addiderit
1079 3371 1124 3416 an
1149 3349 1292 3418 aliunde
1313 3350 1399 3438 peti·

227 3455 327 3539 verit,
350 3455 387 3523 in
403 3456 538 3524 incerto
554 3455 657 3522 nobis
673 3454 944 3542 relinquendum
962 3467 1023 3523 est
1064 3458 1205 3524 Praeter
1222 3467 1399 3544 eaautem

221 3584 294 3630 non
322 3584 401 3630 raro
431 3572 606 3631 mutatam
636 3583 713 3629 esse
741 3561 998 3630 sententiarum
1027 3563 1152 3631 seriem
1185 3576 1221 3631 et
1245 3574 1298 3632 tot
1320 3585 1403 3634 con-

223 3681 344 3736 textus
378 3668 633 3756 discrepantias
670 3667 822 3735 inveniri
852 3668 1024 3754 videmus,
1053 3681 1093 3738 ut
1120 3691 1185 3738 nee
1215 3671 1306 3757 Lydi
1335 3693 1401 3740 nec

221 3776 299 3843 eius
323 3776 544 3843 librariorum
569 3776 672 3863 culpa
688 3777 764 3842 sola
780 3769 940 3844 excusari
957 3776 1104 3863 possint.
1151 3779 1252 3862 Quae
1272 3777 1400 3862 omnia,

221 3883 428 3970 praesertim
455 3904 535 3954 cum
559 3880 697 3967 Lydum
721 3882 828 3950 anxie
850 3882 1020 3969 pressisse
1044 3895 1229 3952 auctorum
1246 3885 1408 3972 vestigia

221 4011 329 4078 supra
352 3988 723 4074 demonstraverimus,
746 3988 797 4057 ita
819 3998 959 4058 tantum
977 3989 1178 4078 explicabis,
1203 4002 1243 4059 ut
1258 3993 1416 4078 Lydum·

334 4151 359 4237 ¹)
380 4157 400 4213 l.
424 4173 451 4215 c.
474 4175 506 4232 p.
528 4155 579 4218 45.

332 4244 357 4321 ²)
381 4245 514 4320 Doxogr.
532 4263 574 4320 gr.
589 4264 619 4321 p.
634 4244 691 4314 48;
706 4253 867 4321 praeterea
883 4245 1026 4322 inspicias
1041 4245 1077 4304 tt
1090 4245 1270 4319 Volkmann,
1286 4245 1403 4314 Leben,

221 4333 370 4392 Schriften
394 4335 457 4392 und
477 4334 671 4412 Philosophie
695 4334 750 4392 des
765 4335 902 4393 Plutarch
925 4353 985 4393 von
1001 4333 1180 4394 Chaeronea
1202 4335 1217 4391 1
1232 4355 1262 4411 p.
1279 4333 1339 4396 154
1357 4353 1401 4411 sq.
