3418 4954
693 315 937 388 -103..

1024 535 1112 620 Lyd.
1138 534 1244 617 IV,rn

865 679 897 746 p.
921 655 1025 742 lbos:
1050 651 1134 726 ὅθεν
1156 655 1188 725 oi
1210 647 1283 743 μετ’
1298 649 1405 726 αὐτὸν

865 763 897 848 (i.
925 784 954 831 e.
981 753 1191 854 Aiiyowuov)
1226 752 1303 852 ἄχρι
1338 769 1398 831 τοῦ

865 869 1003 940 δεκάτου
1027 861 1065 939 ori
1089 869 1211 958 κυρίαν,
1236 865 1399 961 diluistis

865 977 902 1060 ἐξ
927 969 1080 1068 ἆριθμῶν
1113 977 1243 1046 ἕλκουσι
1266 999 1408 1067 προσηι

865 1083 989 1174 γορίαν.

331 1279 401 1346 Sed
426 1278 560 1346 utiam
585 1278 629 1345 ad
652 1278 765 1366 ipsam
791 1279 946 1349 auctoris
970 1279 1239 1367 indagationem
1256 1279 1407 1347 acceda-

226 1407 313 1468 mus,
338 1385 507 1452 Macrobii
530 1385 574 1452 de
598 1386 773 1453 mensium
797 1386 1002 1454 nominibus
1018 1386 1304 1475 explanationem
1321 1397 1398 1454 arto

225 1492 450 1559 coniunctam
481 1514 560 1558 esse
584 1491 727 1560 vinculo
757 1514 837 1560 cum
863 1493 1025 1579 Lydiana
1054 1493 1140 1581 quin
1164 1494 1420 1562 concedamus·

224 1599 339 1665 iacere
371 1620 443 1665 non
467 1619 671 1686 possumus;
707 1621 790 1666 nam
813 1601 934 1667 omnia
956 1622 1048 1688 qnae
1073 1600 1272 1668 Macrobius
1296 1601 1399 1667 affert

227 1705 423 1792 veriloquis
462 1704 584 1773 eadem
619 1707 692 1772 fere
721 1715 805 1773 sunt
835 1728 927 1794 quae
951 1708 1045 1794 apud
1069 1708 1211 1796 Lydum
1235 1706 1399 1794 legimus

227 1815 353 1899 ltaque
376 1811 460 1879 inde
483 1811 615 1899 conligi
639 1824 758 1902 potest
778 1824 969 1901 utrumqne
985 1813 1029 1880 ad
1046 1836 1156 1881 uuum
1176 1814 1399 1901 eundemque

224 1929 405 1986 auctorem
450 1919 571 1986 redire.
633 1920 769 1986 Auctor
807 1929 927 1987 antem
967 1920 1046 2005 quis
1085 1921 1189 1988 luerit
1233 1921 1262 1987 si
1304 1942 1401 1988 nunc

226 2025 437 2110 quaerimus,
466 2025 538 2092 iarn
566 2047 627 2112 per
655 2047 693 2093 se
721 2038 821 2114 patet
850 2026 998 2094 aliorum
1023 2048 1163 2114 quoque
1186 2028 1397 2115 scriptorum

224 2128 461 2220 inprimisque
485 2132 699 2220 censorino)
723 2132 880 2221 lsidori2)
904 2133 1098 2221 veriloquia
1127 2133 1282 2201 examini
1307 2135 1401 2201 subi·

226 2237 351 2304 cienda
386 2260 474 2307 esse.
523 2241 660 2307 Horum
686 2239 844 2307 omnium
870 2251 990 2308 autern
1014 2241 1058 2306 de
1081 2240 1237 2307 lontibus
1261 2251 1401 2308 senten-

228 2345 297 2413 tiae
327 2366 448 2413 eorum
477 2347 661 2414 hominum
697 2348 894 2430 doctorum,
928 2347 990 2436 qui
1025 2347 1226 2434 nuperrime
1261 2347 1296 2413 in
1332 2347 1404 2414 hac
1479 2415 1481 2422 Α

226 2453 434 2539 quaestione
458 2455 692 2522 versabantur
714 2453 912 2541 (Littinm3)
940 2465 976 2521 et
1000 2452 1212 2537 Hahnium⁴)
1240 2454 1334 2543 dico)
1362 2455 1400 2520 in

165 2548 167 2552 ⁴
226 2559 385 2654 diversas
405 2571 524 2646 partes
549 2562 690 2643 abeunt,
706 2560 838 2650 quippe
854 2583 1003 2649 quorum
1022 2560 1113 2629 alius
1136 2562 1245 2629 alium
1269 2561 1401 2629 dissen-

225 2688 303 2733 sum
334 2668 426 2736 iuter
455 2667 520 2736 hos
543 2671 710 2756 detegere
733 2680 881 2738 conatus
904 2671 959 2738 sit
1006 2671 1140 2738 Omnes
1164 2681 1284 2737 autem
1307 2671 1401 2738 inter

227 2795 265 2840 se
289 2774 326 2840 in
356 2776 506 2843 summis
528 2776 615 2863 ipsis
638 2775 743 2844 rebus
767 2778 1021 2846 concordantes
1044 2778 1094 2844 nil
1119 2779 1191 2844 lere
1214 2776 1309 2844 aliud
1334 2777 1402 2844 dis-

226 2892 381 2968 crepant,
402 2881 472 2949 nisi
487 2882 582 2971 quod
605 2905 725 2950 eorum
743 2887 833 2952 alter
848 2885 959 2960 altero
976 2884 1118 2953 uberius
1134 2885 1178 2950 de
1195 2882 1399 2972 veriloquiis

228 2987 308 3074 agit
329 2999 436 3073 atque
459 2989 510 3057 ita
533 2989 687 3077 quidem,
715 3001 756 3059 ut
779 2991 898 3058 omnia
921 2991 1078 3058 eiusdem
1105 2990 1296 3057 commenti
1319 3011 1400 3076 apo·

228 3095 651 3182 graphaessevideantur.
674 3096 1400 3184 Haeqenimdissimilitudo,quaeminoris

226 3202 397 3269 momenti
417 3212 479 3285 est,
495 3203 702 3290 neutiquam
720 3203 856 3287 suadet,
872 3216 912 3270 ut
928 3226 987 3270 eos
1003 3203 1184 3271 ediversis
1197 3202 1400 3272 auctoribus

154 3335 157 3342 ⁴
227 3303 388 3398 hausisse
427 3318 635 3394 statuamus,
674 3310 880 3397 praesertim
920 3332 1011 3397 quae
1045 3310 1283 3398 discrepantia
1317 3322 1400 3378 ante

227 3415 348 3482 omnia
371 3436 452 3481 cum
476 3437 497 3482 a
521 3416 595 3482 sola
620 3416 729 3484 totius
752 3417 831 3484 libri
850 3416 977 3500 indole,
1001 3428 1077 3485 tum
1102 3419 1146 3484 ab
1170 3440 1212 3484 ea
1228 3439 1298 3505 qua
1314 3438 1400 3485 usus

227 3519 380 3608 scriptor
403 3522 520 3589 lontes
549 3523 762 3610 excerpserit
795 3523 931 3591 ratione
967 3525 1127 3611 pendeat.
1176 3524 1319 3592 Etenim
1355 3546 1401 3590 ex

226 3627 301 3694 sola
325 3628 444 3711 totius¹
458 3627 568 3696 libelli
592 3639 628 3697 et
652 3613 895 3714 Censoriniani
919 3642 955 3698 et
972 3629 1157 3698 Isidoriani
1181 3630 1300 3697 indole
1321 3652 1402 3698 con·

225 3733 349 3802 iectari
372 3736 456 3803 licet
472 3747 665 3823 utrumque
688 3757 846 3803 summas
864 3748 1002 3804 tanturn
1028 3760 1084 3805 res
1105 3758 1194 3826 quas
1211 3747 1334 3806 auctor
1350 3738 1402 3804 eis

228 3842 412 3927 praeberet
434 3842 626 3911 lectoribus
650 3843 788 3909 tradere
804 3843 967 3913 voluisse.
1016 3847 1131 3931 Atque
1155 3845 1243 3912 haec
1258 3844 1404 3931 quidem

228 3969 441 3979 m

339 4021 364 4109 ¹)
386 4026 532 4094 1.c.22‚⁹
557 4045 602 4104 sq.
740 4085 742 4089 .

236 4155 241 4166 .
336 4109 361 4196 ²)
385 4115 424 4173 de
447 4124 554 4174 natura
577 4134 677 4174 rernm
700 4115 781 4183 lV,2.

336 4198 364 4286 ³)
386 4205 406 4261 l.
422 4221 448 4262 c.
463 4224 494 4280 p.
512 4204 552 4264 10
575 4223 620 4282 sq.

335 4288 364 4372 ⁴)
386 4295 405 4350 Ι.
421 4311 448 4355 c.
465 4312 494 4368 p.
509 4285 552 4353 20
577 4312 621 4369 sq.
