3398 4952
682 308 944 386 -57—,

279 533 344 595 τῶν
368 522 431 617 γάρ
454 518 637 617 ἡμιφώνων
661 517 740 593 riva-
902 531 967 592 τῶν
975 525 1036 612 μὲν
1046 519 1109 616 γάρ
1120 515 1300 617 ἡμιφώνων
1310 519 1385 592 riva·

204 637 331 725 πληροῖ
345 628 384 702 τὸ
401 633 519 716 ἐνδέον,
542 625 741 723 ὁλοκλήρους
850 634 977 723 πληροῖ
999 628 1037 700 τὸ
1059 631 1169 700 ἑιάέον
1186 623 1386 723 ὁλοκλήρους

205 743 243 810 δὲ
266 738 501 822 κατασκευάζει
529 736 607 820 τούς
630 737 741 830 φθόγ-
850 738 1138 822 κατασκευάζοντα
1166 733 1244 820 τούς
1273 737 1385 830 φθόγ-

205 873 292 938 γους,
315 854 382 915 τῶν
405 847 441 916 dd
458 838 600 938 άφώιιον
621 847 741 934 τρέπει
850 873 933 937 γους,
958 854 1025 915 τῶν
1052 837 1083 916 d'
1096 838 1240 937 άφώνιον
1266 847 1384 936 τρέπει

205 981 242 1023 τε
257 955 313 1023 καὶ
328 952 529 1041 μεταβάλλει
544 950 606 1034 τάς
617 952 739 1045 φάσεις,
851 955 907 1022 καὶ
918 952 1117 1041 μεταβάλλει
1127 950 1189 1034 τάς
1200 952 1320 1046 φάσεις
1333 1003 1383 1037 ...,

205 1065 261 1129 ἰ’να
285 1063 417 1154 γένηται
440 1057 483 1128 τά
508 1051 633 1152 άρρητα
649 1059 740 1153 ῥητά.
850 1063 904 1129 ἵνα
928 1061 1059 1152 γένηται
1082 1057 1124 1128 τά
1149 1050 1271 1152 άρρητα
1294 1060 1384 1151 ῥητά.

315 1277 541 1363 Quicumque
564 1276 629 1341 hos
646 1275 738 1360 Lydi
756 1275 851 1342 locos
868 1297 948 1342 cunr
969 1275 1188 1342 Philonianis
1206 1277 1385 1343 vocaverit

205 1383 244 1450 in
260 1383 568 1470 comparationem,
583 1383 698 1449 lacere
715 1405 786 1448 nou
802 1383 940 1470 poterit,
957 1382 1043 1470 quin
1057 1405 1116 1450 eos
1128 1382 1165 1449 in
1178 1383 1382 1451 universum

206 1492 313 1577 plane
336 1491 428 1556 inter
452 1512 490 1556 se
514 1490 713 1556 consentire
737 1490 925 1576 intellegat
949 1503 982 1557 et
1002 1514 1022 1557 a
1041 1490 1141 1575 Lydo
1165 1513 1208 1557 ex
1224 1491 1292 1556 hoc
1306 1491 1385 1578 ipso

205 1597 296 1664 libro
324 1598 530 1684 desumptos
559 1619 636 1662 esse
666 1597 876 1684 suspicetur.
926 1599 1030 1664 Hanc
1054 1597 1147 1664 enirn
1172 1598 1384 1665 sententiam

206 1704 359 1791 primum
384 1726 447 1791 pro
471 1714 566 1771 certa
589 1704 716 1771 habuit
732 1707 839 1792 Leop.
858 1705 967 1788 Cohn,
989 1705 1253 1772 recentissimus
1271 1705 1385 1772 Philo·

207 1811 263 1877 nis
294 1811 415 1894 editor,
442 1811 571 1878 deinde
599 1833 684 1879 vero
707 1810 785 1877 iure
807 1810 1013 1899 meritoque,
1042 1825 1081 1878 ut
1106 1812 1192 1879 mihi
1216 1813 1385 1900 persuasi,

206 1919 412 1986 retractavit
440 1918 538 1985 hisce
565 1920 637 1986 fere
666 1918 783 1984 verbis
812 1921 942 2000 usus¹):
979 1920 1090 2005 „quod
1120 1918 1232 2002 olirn,“
1259 1919 1385 2006 inquit,

207 2025 429 2108 „existimavi
458 2025 599 2110 Lydum
628 2019 679 2091 ibi
704 2025 861 2092 Philonis
890 2024 1018 2093 librum
1043 2026 1261 2113 compilasse,
1290 2048 1386 2092 nunc

207 2133 402 2219 praefracte
426 2132 637 2199 contendere
658 2154 729 2198 non
748 2131 876 2211 ausim;
901 2155 982 2198 narn
1001 2154 1193 2199 consensus
1209 2133 1260 2199 sic
1276 2134 1383 2201 etiarn

207 2239 375 2327 explicari
404 2261 508 2326 posse
535 2239 685 2323 videtur,
715 2249 755 2305 ut
783 2250 845 2307 aut
870 2241 993 2324 Lydus
1018 2240 1226 2327 compendio
1251 2241 1386 2306 mathe-

207 2347 338 2413 matico
363 2368 449 2413 usus
473 2347 520 2413 sit
543 2346 667 2413 eodem
691 2347 783 2434 quod
808 2345 908 2414 Philo
933 2347 1134 2414 adhibuerit
1157 2359 1220 2414 aut
1236 2348 1386 2435 scriptor

207 2453 407 2540 compendii
431 2476 451 2520 a
476 2452 577 2538 Lydo
602 2452 782 2540 compilati
807 2476 826 2519 e
852 2453 1009 2536 Philonis
1033 2453 1121 2520 libro
1145 2454 1331 2523 hauserit‘t

315 2559 452 2645 Lydum
477 2559 589 2647 igitur
604 2581 674 2626 non
692 2560 889 2648 inspexisse
907 2559 1063 2628 Philonis
1080 2561 1209 2628 librum
1227 2561 1386 2630 Cohnins

208 2678 302 2734 recte
325 2668 527 2754 suspicatus
551 2678 614 2750 est,
642 2677 748 2754 atque
771 2667 855 2735 huic
879 2667 1036 2755 opinioni
1059 2668 1192 2756 optime
1208 2669 1386 2752 convenit,

208 2775 302 2862 quod
321 2775 469 2842 Philolai
493 2775 736 2841 testimonium
762 2775 857 2862 apud
873 2774 1012 2860 Lydum
1030 2775 1124 2865 [11,12
1142 2776 1190 2864 (p.
1208 2773 1288 2860 33‚1³
1307 2773 1385 2865 sq.)J

210 2881 464 2969 Philonemque
493 2881 526 2971 [ξ
554 2877 620 2947 100
647 2883 693 2969 (p.
711 2879 792 2966 34‚12
817 2881 898 2972 sq.)]
927 2905 972 2950 ex
995 2906 1067 2950 uno
1091 2894 1234 2951 auctore
1258 2885 1385 2951 ultimo

208 2988 357 3055 fluxisse
386 3010 492 3077 supra
517 2989 566 3076 (p.
583 2985 626 3054 29
650 2989 714 3077 sq.)
737 2990 964 3057 ostendimus.
1013 2994 1088 3058 Iam
1114 2991 1266 3075 veroid,
1291 2989 1384 3077 quod

210 3095 366 3162 Cohnins
389 3094 426 3161 in
451 3091 585 3162 incerto
608 3096 758 3182 reliquit,
787 3108 905 3164 utrum
931 3099 1053 3182 Lydus
1077 3098 1153 3185 ipse
1177 3099 1385 3186 compendio
1482 3183 1487 3192 .

209 3203 461 3270 mathematico
478 3224 563 3269 usus
579 3203 626 3270 sit
643 3205 765 3271 eodem
784 3227 854 3292 quo
872 3203 972 3271 Philo
988 3227 1033 3271 an
1050 3205 1159 3271 alium
1177 3205 1383 3292 scriptorem

209 3308 412 3396 inspexerit,
440 3309 542 3376 nobis
571 3309 838 3378 diiudicandum
868 3321 932 3378 est.
978 3313 1161 3378 Nonnulla
1189 3321 1308 3378 autem
1333 3311 1385 3377 in-

209 3415 322 3483 veniri
351 3415 514 3503 equidem
538 3428 636 3505 puto,
663 3439 754 3504 quae
778 3428 819 3485 ut
844 3419 1058 3489 Laurentius
1083 3429 1190 3505 atque
1216 3418 1316 3485 Philo
1340 3441 1385 3484 ex

208 3544 282 3589 uno
305 3523 499 3610 eodemque
520 3524 616 3592 fonte
637 3525 798 3612 proximo
815 3524 921 3592 simul
937 3525 1121 3593 hauserint
1145 3524 1385 3594 dissuadeant.

209 3630 327 3717 Atque
342 3629 496 3717 primum
513 3631 656 3718 quidem
673 3631 709 3697 in
726 3632 794 3698 hac
808 3631 886 3719 ipsa
899 3633 1198 3700 commentatione
1212 3636 1383 3700 Ioannem

209 3735 430 3803 describendi
447 3738 735 3806 consuetudinem
756 3750 916 3807 secutum
930 3741 1035 3807 anxie
1046 3740 1219 3808 institisse
1230 3741 1385 3808 auctoris

211 3843 373 3930 vestigiis
389 3844 626 3932 adcurateque
642 3845 836 3913 reddidisse
854 3847 929 3913 eius
945 3847 1141 3915 doctrinam
1160 3847 1247 3915 satis
1264 3869 1384 3934 super·

209 3970 278 4036 que
307 3951 422 4017 elucet
449 3973 493 4017 ex
520 3951 590 4018 illis
618 3953 704 4019 locis
731 3954 824 4022 inter
851 3977 889 4020 se
920 3956 1142 4041 comparatis.
1195 3958 1270 4021 Iam
1299 3976 1385 4022 vero

210 4067 309 4124 extat
333 4058 427 4145 apud
450 4058 590 4142 Lydum
616 4059 744 4147 aliquis
768 4062 875 4146 locus,
900 4085 944 4128 ex
967 4084 1037 4149 quo
1062 4071 1279 4148 quantopere
1294 4083 1385 4128 com·

321 4273 343 4352 ¹)
366 4277 396 4333 in
420 4277 532 4354 proleg.
559 4279 597 4335 ad
621 4280 678 4336 vol.
701 4278 716 4336 I
739 4297 768 4354 p.
783 4277 872 4336 LXX.
