3418 4954
697 408 738 418 -
780 366 850 434 ‘105
896 405 938 418 -

228 597 234 610 ·
268 599 295 606 ··
337 583 454 669 Supra
479 581 572 650 enim
597 583 669 648 iam
693 581 926 668 'exposuimus
946 581 1092 666 Lydun'r'
1113 582 1402 678 Macrobiunique

226 688 264 755 in
291 687 408 754 Martii
433 688 565 754 mensis
589 676 731 754 nomine
755 687 974 775 expediendo
998 688 1090 755 inter
1113 709 1151 755 se
1175 689 1401 772 concordare;

225 795 263 859 in
279 795 355 861 -hac
378 815 519 881 quoque
543 816 580 861 re
604 794 808 881 conspirant
832 783 882 860 illi
906 815 985 861 curn
1006 794 1203 862 ‘Censorino
1226 793 1303 879 ‘2⁸2p,
1339 796 1399 880 qui

229 899 397 968 Martium
428 923 448 968 a
480 903 732 988 Marte'patre'
750 903 893 967 Romuli
924 903 1148 968 nominatum
1178 922 1254 969 esse
1283 903 1400 984 tradit}

228 1019 365 1074 etcum
390 1007 535 1091 Isidoro,
570 1009 630 1093 qui
662 1029 705 1073 ex
733 1008 905 1074 Suetonio
933 1009 1053 1090 refert,
1081 1009 1118 1075 in
1142 1008 1231 1075 libro
1254 1009 1298 1074 de
1326 1019 1400 1076 nat.

226 1128 288 1181 rer.
298 1117 397 1197 ·1v,2:
414 1105 712 1186 „huazc'Ma'rtrirm
718 1121 859 1200 propter
869 1117 1026 1180 honorem
1039 1116 1185 1180 Romuli
1197 1117 1244 1180 sic
1254 1117 1401 1202 appellas

226 1227 360 1294 uerum,
386 1213 470 1307 puin
494 1243 570 1286 eum
586 1223 717 1287 Martis
727 1222 856 1306 silium
877 1245 946 1288 esse
962 1223 1210 1288 credideramus
1258 1221 1337 1306 Quo
1353 1231 1399 1288 'ex

227 1337 405 1394 concentu-
424 1323 570 1394 dubium
595 1349 665 1394 non
684 1328 833 1403 videtur,
858 1329 942 1415 quin
960 1351 1004 1395 ex
1021 1329 1143 1395 eodem
1161 1329 1258 1395 ionte
1274 1312 1402 1396 hause-

228 1435 307 1516 rint,
338 1435 361 1501 i.
391 1458 419 1500 e.
451 1457 470 1501 e
498 1433 677 1519 Suetoni0,
712 1435 836 1501 Isidori
861 1443 1014 1502 auctore.
1062 1436 1165 1519 Quod
1195 1457 1279 1502 vero
1311 1435 1400 1501 cen:

228 1541 367 1607 sorinus
391 1542 427 1607 in
452 1537 531 1625 2211
552 1545 710 1608 Varrone
739 1551 827 1608 teste
851 1543 968 1608 docet:
993 1543 1187 1615 „Martium
1212 1563 1357 1608 mensem
1378 1565 1400 1607 a

227 1650 344 1714 Marte
368 1649 740 1734 quidem‘nomz‘natum
765 1649 879 1721 credri‘,
912 1643 981 1713 iton
1014 1650 1096 1734 quia
1118 1650 1264 1714 Romuli
1281 1649 1403 1734 firerlt

220 1759 330 1840 pater,
360 1756 425 1819 sed¹
440 1755 542 1841 'quad
556 1777 643 1842 gens
666 1756 794 1820 Latrim
818 1756 987 1821 ballz'cosa·‘
1012 1765 1205 1841 omnesque
1229 1757 1334 1822 ceteri
1359 1745 1417 1822 ac
1461 1781 1464 1788 ⁴

227 1873 320 1927 certe
344 1862 537 1942 Suetonius
569 1882 709 1948 quoque
740 1865 986 1948 neglexerunt,
1017 1863 1132 1945 id,'ut
1163 1864 1295 1949 opinor,
1327 1861 1399 1928 nou'

227 1965 328 2034 aliter
345 1967 512 2054 explicari
536 1978 663 2055 potest,
687 1969 755 2034 nisi
779 1980 819 2035 ut
836 1971 1066 2037 Censorinum
1083 1969 1244 2037 Suetonii
1268 1970 1400 2036 librum

226 2076 481 2141 exscribentenr
502 2076 667 2142 Varronis
691 2077 865 2143 diversam
891 2078 1104 2144 sententiam
1130 2079 1165 2141 in
1192 2078 1398 2142 memoriam

226 2194 410 2248 revocasse
435 2194 471 2248 et
494 2183 655 2249 Suetonii
680 2184 860 2250 doctrinae
885 2185 1075 2251 inseruisse
1099 2195 1309 2250 statuamus.

334 2291 457 2376 Atque
491 2290 534 2355 de
574 2291 705 2376 Aprilis
747 2292 880 2356 mensis
919 2293 1061 2356 nomine
1101 2291 1243 2376 quidem
1283 2290 1401 2378 dispu-

228 2397 379 2462 tationes
416 2397 595 2482 Lydianas
647 2399 970 2484 Macrobianasque,
1021 2398 1184 2484 quamvis
1236 2399 1399 2483 Lydiana

227 2503 373 2569 confusa
398 2503 568 2588 videatur,
605 2515 722 2572 tamen
758 2507 850 2571 inter
881 2527 919 2570 se
950 2517 1143 2570 consonare
1175 2505 1399 2591 eundemque

228 2620 406 2675 auctorem
451 2632 573 2697 sapere
616 2611 731 2697 primo
774 2613 902 2678 obtutu
942 2613 1178 2697 cognoscitur.
1240 2615 1318 2678 Hac
1360 2613 1398 2677 in

226 2733 282 2781 re'
320 2727 438 2782 autem
486 2719 613 2785 ambos
676 2721 916 2805 conspirantes
968 2719 1265 2806 deprehendimus
1317 2741 1399 2785 cum·

228 2822 408 2889 Censorini
449 2825 643 2911 veriloquio
690 2827 725 2890 in
763 2823 844 2910 220:
890 2828 1071 2914 „Aprilem
1117 2828 1158 2890 ab
1195 2827 1399 2912 Aphrodite}

227 2931 268 2994 id
299 2937 349 2994 ert
388 2933 523 3014 Venere,
570 2933 662 2998 unde
701 2935 841 2998 maiores
879 2936 951 2998 eius
988 2934 1129 2998 walandi
1165 2933 1398 3005 dz'cebantur“,

226 3058 332 3122 quam
372 3039 654 3105 convenientiam
698 3041 893 3127 Hahnius¹)
931 3041 1007 3128 ipse
1046 3041 1242 3127 adgnoscit.
1291 3040 1396 3104 Illum

227 3154 355 3226 autem,
389 3167 467 3212 cum
502 3158 542 3213 ut
573 3147 738 3213 ostendat
768 3158 985 3233 quantopere
1010 3147 1177 3213 Macrobii
1211 3158 1246 3212 et
1270 3147 1400 3213 Censo-

120 3329 122 3334 ,
227 3251 292 3317 rini
307 3251 545 3339 expositiones
558 3251 650 3319 inter
662 3276 699 3320 se
711 3253 932 3336 dissentiant,
942 3254 1110 3320 Macrobii
1124 3253 1396 3339 explicationem

226 3358 262 3423 in
292 3354 465 3436 Ilua-11
493 3359 645 3443 adhibet,
674 3375 793 3447 aperte
822 3362 924 3447 lngit,
952 3361 1058 3426 hasce
1082 3361 1332 3446 paragraphus,
1357 3369 1399 3425 ut

227 3465 434 3546 Wissowa2)
456 3477 550 3532 recte
574 3467 839 3550 demonstravit,
863 3491 907 3533 ex
928 3469 998 3534 alio
1013 3469 1111 3534 tonte
1126 3467 1272 3532 linxisse
1289 3477 1399 3552 atque

227 3572 246 3636 'e
274 3593 344 3658 quo
373 3572 526 3657 reliquas
555 3573 661 3639 huius
690 3575 814 3660 capitis
842 3587 959 3660 partes
987 3574 1154 3640 hauserit.
1202 3577 1328 3660 ltaque
1352 3574 1404 3639 de·

227 3666 294 3746 hoc
319 3679 453 3745 Hahnii
480 3691 691 3766 argumento
713 3691 829 3746 actum
849 3668 925 3746 esse
946 3683 1174 3747 manifestum
1192 3693 1258 3764 est;
1283 3701 1399 3766 neque

228 3789 340 3854 multo
364 3787 466 3854 aliter
488 3805 543 3853 res
568 3809 605 3853 se
629 3787 737 3854 habet
760 3789 803 3852 de
824 3789 899 3853 eius
917 3790 1039 3853 ceteris
1056 3788 1285 3873 argumentis.
1333 3790 1399 3853 Ille

226 3895 321 3960 enim
353 3895 396 3959 ad
422 3894 589 3961 Macrobii
619 3896 733 3960 locum
761 3892 881 3978 11212,
906 3895 965 3961 ubi
990 3895 1157 3962 Varronis
1182 3895 1399 3961 sententiam

226 4003 371 4088 prolert,
411 3997 580 4087 quinon
621 4001 777 4086 potuisse
817 4002 972 4089 Aprilem
1012 4025 1166 4068 mensem
1205 4025 1225 4067 a
1259 4004 1399 4070 Venere

222 4137 438 4155 Lss--fl-ffl.

337 4215 360 4302 ¹)
384 4219 402 4277 l.
427 4239 453 4282 c.
478 4242 508 4296 p.
524 4220 575 4284 21.

334 4322 361 4410 ²)
384 4330 403 4390 l.
429 4345 454 4384 c.
478 4347 507 4402 p.
534 4327 582 4387 10.
