3418 4954
705 449 893 558 Vtin

325 649 420 707 Natus
455 667 521 706 sum
555 647 764 705 Fridericus
797 647 947 704 Blnhme
981 648 1011 703 in
1043 647 1111 704 vico
1143 645 1391 710 Saxoborussico,

219 756 267 815 cni
304 773 416 814 nomeu
450 763 499 813 est
529 753 710 819 Cabelitz,
745 773 770 816 a.
795 754 824 813 d.
858 753 901 810 IX
927 753 997 811 Kal.
1024 754 1106 829 Sept.
1130 771 1157 816 a.
1186 751 1264 812 1881
1302 761 1390 828 patre

218 863 379 931 Friderico,
414 870 510 920 matre
533 861 630 918 Maria
665 879 682 918 e
706 868 795 936 gente
819 860 948 928 Bittlrau,
983 879 1060 936 quus
1083 861 1183 917 adhuc
1206 860 1389 918 interrivos

219 987 286 1028 esse
324 970 411 1026 valde
443 968 572 1044 gaudeo.
628 967 713 1024 Fidei
746 967 884 1025 addictus
919 985 985 1024 sum
1019 967 1223 1042 evangelicae.
1260 1049 1261 1052 Ἴ
1286 967 1390 1023 Primis

219 1077 383 1134 litterarum
407 1075 567 1133 elementis
582 1073 818 1156 Stendaliae,
836 1074 890 1131 ubi
900 1075 983 1154 ,altus
999 1091 1066 1132 sum
1082 1091 1205 1131 omnem
1220 1073 1390 1148 pueritiam,

219 1183 351 1240 imbutus
390 1200 461 1240 vere
494 1179 624 1241 a.1895
660 1181 689 1238 in
725 1199 794 1238 eam
829 1199 922 1257 quam
955 1188 1066 1238 vocant
1100 1188 1237 1255 quartam
1261 1182 1391 1238 classem

220 1289 396 1364 gymnasii
420 1288 694 1346 Stendalieusis
729 1295 870 1362 receptus
898 1306 973 1354 sum,
1006 1288 1090 1345 cuius
1114 1287 1232 1345 scholas
1256 1304 1311 1362 per
1335 1287 1391 1342 Vll

221 1414 315 1453 annos
337 1395 533 1470 frequentavi.
557 1394 736 1453 Maturitatis
756 1395 929 1452 testimonio
953 1395 1114 1452 instructus
1136 1412 1228 1451 verno
1253 1400 1390 1469 tempore

220 1520 246 1561 a.
268 1501 349 1562 1902
374 1502 447 1559 civis
470 1501 638 1576 adscriptus
661 1519 727 1559 sum
750 1501 936 1558 universitati
959 1501 1228 1576 Marburgensi,
1264 1501 1316 1557 ubi
1339 1519 1392 1556 sex

220 1625 341 1666 menses
375 1605 578 1667 commoratus
613 1607 719 1664 studiis
753 1607 943 1682 philologieis
978 1608 1111 1666 classicis
1148 1617 1178 1664 et
1213 1605 1392 1683 germanicis

221 1732 345 1789 operam
363 1715 448 1782 dedi;
473 1715 609 1772 eiusdem
627 1715 697 1771 anni
714 1723 859 1771 autumno
875 1713 1085 1772 Reroliuum
1102 1734 1151 1771 me
1168 1715 1281 1772 contuli
1319 1714 1391 1770 lnde

221 1840 240 1876 a
262 1839 332 1878 vere
356 1819 486 1881 a.1903
510 1822 544 1877 iu
567 1822 634 1878 bac
658 1823 751 1878 alma
774 1821 980 1879 litterarum
1004 1821 1090 1878 sede
1114 1821 1212 1878 studia
1234 1838 1303 1878 mea
1320 1838 1394 1878 con-

221 1928 341 1993 tinuavi,
364 1928 417 1984 ubi
440 1945 495 2002 per
517 1936 577 1985 tres
601 1945 696 1985 anuos
720 1929 839 1985 scholas
863 1929 972 1989 audivi.

329 2035 506 2093 Docueruut
528 2054 578 2092 me
601 2035 654 2092 viri
679 2037 859 2093 doctissimi:

222 2163 514 2236 Marburgenses:
553 2161 642 2228 Birt,
676 2163 823 2236 Jenner,
861 2161 994 2236 Knopf‚
1032 2161 1164 2227 Maass,
1200 2161 1395 2227 Schrdder,

327 2268 476 2325 Thumb.

222 2374 495 2432 berolinenses:
531 2374 649 2442 Helm,
683 2375 837 2442 Lamon,
872 2374 907 2436 R.
932 2372 1127 2442 Lehmann,
1161 2374 1194 2430 E.
1218 2375 1394 2439 Schmidt,

329 2479 464 2548 Strack.
489 2481 639 2546 Vahlen,
664 2481 787 2544 Weiss,
803 2482 847 2538 de
864 2479 1394 2538 Wilamowitz-Moellendorsf.

223 2587 420 2646 Halenses:
454 2586 619 2656 Rechtel,
654 2588 799 2663 Berger,
834 2588 948 2652 Blass,
972 2587 1128 2650 Bremer.
1157 2588 1392 2664 Cousbrucb,

329 2694 602 2769 Dittenberger,
626 2695 740 2756 Fries.
765 2695 899 2770 Haupt,
924 2695 1248 2760 Maurenbrecher,
1271 2695 1395 2761 Riehl,

329 2800 475 2868 Robert,
498 2801 618 2866 Satan,
641 2802 823 2877 Schultze‚
850 2803 1019 2866 Schwarz,
1042 2801 1207 2863 Strauch,
1231 2803 1395 2876 Uphues.

331 2908 543 2984 vaihingen
573 2908 755 2966 Wissowa.

331 3016 539 3072 Prooemiuarii
573 3015 745 3090 philologici
771 3016 1036 3074 exercitationibus
1071 3024 1232 3089 postquam
1255 3032 1310 3089 per
1333 3015 1394 3071 duo

224 3121 380 3178 semestria
415 3122 544 3191 interfui,
578 3122 730 3179 seminarii
758 3122 932 3196 philologici
954 3122 1028 3197 regii
1052 3121 1193 3177 Halensis
1217 3122 1328 3178 sodalis
1353 3121 1394 3177 sui

225 3227 390 3285 ordinarius
424 3244 478 3302 per
510 3229 557 3285 bis
581 3246 671 3286 senos
694 3245 815 3284 menses
840 3228 1068 3286 moderantibus
1094 3227 1210 3288 Blass.
1247 3228 1394 3285 Ditten·

224 3335 366 3409 berger,
391 3334 571 3392 Wissowa.
607 3337 766 3392 Praeterea
790 3336 829 3391 ad
852 3335 1041 3410 germanicas
1065 3335 1296 3392 exercitationes
1319 3335 1395 3392 libe-

224 3440 325 3498 ralitet
347 3457 397 3497 me
421 3441 606 3498 admiserunt
630 3441 778 3516 Berger.
813 3443 941 3506 Sarau;
971 3442 1009 3497 ad
1033 3442 1255 3516 paedagogicas
1280 3442 1302 3497 F
1307 3441 1393 3507 ries;

225 3548 264 3602 ad
287 3547 512 3621 philosophicas
537 3547 692 3622 Uphues.

331 3653 451 3721 Quibus
486 3655 625 3710 omuibus
648 3656 899 3730 praeceptoribus
923 3655 1037 3730 optime
1061 3629 1100 3711 de
1125 3673 1174 3711 me
1200 3656 1322 3722 meritis,
1351 3657 1396 3712 in-

225 3759 327 3834 primis
351 3759 513 3835 Georgio
538 3755 726 3822 Wiss'owa.
750 3762 1035 3819 benevolentissime
1068 3762 1233 3818 studiorum
1258 3780 1396 3820 meorum

224 3863 342 3931 fautori,
377 3884 438 3942 quo
473 3875 596 3925 anctore
632 3877 663 3925 et
699 3869 836 3926 adiutore
861 3871 938 3927 hauc
962 3869 1204 3927 dissertationem
1229 3869 1398 3944 composui,

226 3979 258 4028 et
280 3970 465 4032 Guilelmu
491 3975 772 4050 Ditteuberger,
796 3977 847 4051 qui
871 3994 946 4034 onus
970 3976 1009 4032 de
1033 3995 1071 4033 ea
1087 3976 1237 4033 referendi
1253 3977 1398 4050 suscepit,

226 4079 335 4154 gratias
360 4097 416 4154 ago
440 4100 532 4156 quarn
556 4083 702 4139 maximas
726 4084 913 4158 gratiamque
937 4100 1058 4157 semper
1081 4084 1213 4140 habebo.
