<?xml version="1.0" encoding="UTF-8"?>
<!DOCTYPE html PUBLIC "-//W3C//DTD XHTML 1.0 Transitional//EN"
    "http://www.w3.org/TR/xhtml1/DTD/xhtml1-transitional.dtd">
<html xmlns="http://www.w3.org/1999/xhtml" xml:lang="en" lang="en">
 <head>
  <title>
</title>
<meta http-equiv="Content-Type" content="text/html;charset=utf-8" />
  <meta name='ocr-system' content='tesseract 3.04.00' />
  <meta name='ocr-capabilities' content='ocr_page ocr_carea ocr_par ocr_line ocrx_word'/>
</head>
<body>
  <div class='ocr_page' id='page_1' title='image "./dejoannislauren00bluhgoog_0015.png"; bbox 0 0 3398 4952; ppageno 0'>
   <div class='ocr_carea' id='block_1_1' title="bbox 829 1027 993 1117">
    <p class='ocr_par' dir='ltr' id='par_1_1' title="bbox 829 1027 993 1117">
     <span class='ocr_line' id='line_1_1' title="bbox 829 1027 993 1117; baseline 0 -15"><span class='ocrx_word' id='word_1_1' title='bbox 829 1027 946 1117; x_wconf 78' lang='lat' dir='ltr'>eaput</span> <span class='ocrx_word' id='word_1_2' title='bbox 969 1031 993 1102; x_wconf 88' lang='lat' dir='ltr'>l.</span> 
     </span>
    </p>
   </div>
   <div class='ocr_carea' id='block_1_2' title="bbox 430 1190 1392 1402">
    <p class='ocr_par' dir='ltr' id='par_1_2' title="bbox 430 1175 1392 1402">
     <span class='ocr_line' id='line_1_2' title="bbox 430 1190 1392 1299; baseline 0.002 -26"><span class='ocrx_word' id='word_1_3' title='bbox 430 1190 491 1273; x_wconf 90' lang='lat' dir='ltr'>De</span> <span class='ocrx_word' id='word_1_4' title='bbox 519 1193 683 1273; x_wconf 89' lang='lat' dir='ltr'>loannls</span> <span class='ocrx_word' id='word_1_5' title='bbox 711 1191 917 1275; x_wconf 86' lang='lat' dir='ltr'>Laurentii</span> <span class='ocrx_word' id='word_1_6' title='bbox 946 1192 1048 1299; x_wconf 83' lang='lat' dir='ltr'>Lydi</span> <span class='ocrx_word' id='word_1_7' title='bbox 1079 1194 1119 1274; x_wconf 92' lang='lat' dir='ltr'>ln</span> <span class='ocrx_word' id='word_1_8' title='bbox 1148 1193 1392 1276; x_wconf 82' lang='lat' dir='ltr'>adhibendis</span> 
     </span>
     <span class='ocr_line' id='line_1_3' title="bbox 545 1318 1222 1402; baseline 0.003 -4"><span class='ocrx_word' id='word_1_9' title='bbox 545 1326 548 1333; x_wconf 81' lang='grc'>’</span> <span class='ocrx_word' id='word_1_10' title='bbox 598 1318 838 1400; x_wconf 87' lang='lat' dir='ltr'>auctoribus</span> <span class='ocrx_word' id='word_1_11' title='bbox 867 1341 943 1399; x_wconf 91' lang='lat' dir='ltr'>usu</span> <span class='ocrx_word' id='word_1_12' title='bbox 971 1340 1021 1400; x_wconf 89' lang='lat' dir='ltr'>ac</span> <span class='ocrx_word' id='word_1_13' title='bbox 1049 1319 1222 1402; x_wconf 87' lang='lat' dir='ltr'>ratione.</span> 
     </span>
    </p>
   </div>
   <div class='ocr_carea' id='block_1_3' title="bbox 322 1513 1496 3744">
    <p class='ocr_par' dir='ltr' id='par_1_3' title="bbox 322 1513 1496 2994">
     <span class='ocr_line' id='line_1_4' title="bbox 431 1513 1493 1604; baseline 0.004 -24"><span class='ocrx_word' id='word_1_14' title='bbox 431 1513 653 1601; x_wconf 80' lang='lat' dir='ltr'>Quicumque</span> <span class='ocrx_word' id='word_1_15' title='bbox 682 1513 717 1580; x_wconf 92' lang='lat' dir='ltr'>in</span> <span class='ocrx_word' id='word_1_16' title='bbox 748 1515 896 1582; x_wconf 90' lang='lat' dir='ltr'>alicuius</span> <span class='ocrx_word' id='word_1_17' title='bbox 921 1515 1101 1603; x_wconf 89' lang='lat' dir='ltr'>scriptoris</span> <span class='ocrx_word' id='word_1_18' title='bbox 1124 1515 1348 1604; x_wconf 87' lang='lat' dir='ltr'>maximeque</span> <span class='ocrx_word' id='word_1_19' title='bbox 1372 1539 1493 1584; x_wconf 91' lang='lat' dir='ltr'>eorum</span> 
     </span>
     <span class='ocr_line' id='line_1_5' title="bbox 325 1621 1494 1710; baseline 0.003 -22"><span class='ocrx_word' id='word_1_20' title='bbox 325 1622 383 1707; x_wconf 91' lang='lat' dir='ltr'>qui</span> <span class='ocrx_word' id='word_1_21' title='bbox 401 1630 574 1689; x_wconf 91' lang='lat' dir='ltr'>vocantur</span> <span class='ocrx_word' id='word_1_22' title='bbox 586 1621 832 1710; x_wconf 87' lang='lat' dir='ltr'>compilatores</span> <span class='ocrx_word' id='word_1_23' title='bbox 846 1621 1003 1690; x_wconf 90' lang='lat' dir='ltr'>lontibus</span> <span class='ocrx_word' id='word_1_24' title='bbox 1016 1622 1277 1710; x_wconf 86' lang='lat' dir='ltr'>investigandis</span> <span class='ocrx_word' id='word_1_25' title='bbox 1290 1631 1494 1692; x_wconf 76' lang='lat' dir='ltr'>versaturus</span> 
     </span>
     <span class='ocr_line' id='line_1_6' title="bbox 324 1729 1495 1820; baseline 0.003 -25"><span class='ocrx_word' id='word_1_26' title='bbox 324 1738 386 1814; x_wconf 92' lang='lat' dir='ltr'>est,</span> <span class='ocrx_word' id='word_1_27' title='bbox 416 1751 497 1796; x_wconf 89' lang='lat' dir='ltr'>eum</span> <span class='ocrx_word' id='word_1_28' title='bbox 521 1729 565 1796; x_wconf 92' lang='lat' dir='ltr'>ab</span> <span class='ocrx_word' id='word_1_29' title='bbox 589 1729 664 1796; x_wconf 90' lang='lat' dir='ltr'>eius</span> <span class='ocrx_word' id='word_1_30' title='bbox 688 1729 836 1797; x_wconf 88' lang='lat' dir='ltr'>rationis</span> <span class='ocrx_word' id='word_1_31' title='bbox 860 1730 1032 1815; x_wconf 84' lang='lat' dir='ltr'>examine,</span> <span class='ocrx_word' id='word_1_32' title='bbox 1061 1750 1130 1818; x_wconf 90' lang='lat' dir='ltr'>qua</span> <span class='ocrx_word' id='word_1_33' title='bbox 1155 1751 1240 1797; x_wconf 92' lang='lat' dir='ltr'>usus</span> <span class='ocrx_word' id='word_1_34' title='bbox 1264 1731 1323 1798; x_wconf 90' lang='lat' dir='ltr'>ille</span> <span class='ocrx_word' id='word_1_35' title='bbox 1347 1731 1495 1820; x_wconf 85' lang='lat' dir='ltr'>scriptor</span> 
     </span>
     <span class='ocr_line' id='line_1_7' title="bbox 322 1835 1495 1924; baseline 0.003 -22"><span class='ocrx_word' id='word_1_36' title='bbox 322 1835 429 1903; x_wconf 91' lang='lat' dir='ltr'>libros</span> <span class='ocrx_word' id='word_1_37' title='bbox 445 1857 528 1904; x_wconf 90' lang='lat' dir='ltr'>suos</span> <span class='ocrx_word' id='word_1_38' title='bbox 545 1836 791 1924; x_wconf 88' lang='lat' dir='ltr'>composuerit,</span> <span class='ocrx_word' id='word_1_39' title='bbox 809 1837 1024 1924; x_wconf 88' lang='lat' dir='ltr'>quaestionis</span> <span class='ocrx_word' id='word_1_40' title='bbox 1040 1836 1181 1905; x_wconf 90' lang='lat' dir='ltr'>initium</span> <span class='ocrx_word' id='word_1_41' title='bbox 1198 1859 1337 1905; x_wconf 90' lang='lat' dir='ltr'>sumere</span> <span class='ocrx_word' id='word_1_42' title='bbox 1353 1860 1495 1906; x_wconf 89' lang='lat' dir='ltr'>necesse</span> 
     </span>
     <span class='ocr_line' id='line_1_8' title="bbox 323 1942 1495 2032; baseline 0.001 -22"><span class='ocrx_word' id='word_1_43' title='bbox 323 1952 390 2028; x_wconf 88' lang='lat' dir='ltr'>est;</span> <span class='ocrx_word' id='word_1_44' title='bbox 414 1966 497 2010; x_wconf 89' lang='lat' dir='ltr'>narn</span> <span class='ocrx_word' id='word_1_45' title='bbox 521 1943 558 2008; x_wconf 92' lang='lat' dir='ltr'>in</span> <span class='ocrx_word' id='word_1_46' title='bbox 581 1942 649 2011; x_wconf 91' lang='lat' dir='ltr'>hac</span> <span class='ocrx_word' id='word_1_47' title='bbox 671 1943 749 2031; x_wconf 90' lang='lat' dir='ltr'>ipsa</span> <span class='ocrx_word' id='word_1_48' title='bbox 772 1966 809 2010; x_wconf 91' lang='lat' dir='ltr'>re</span> <span class='ocrx_word' id='word_1_49' title='bbox 833 1945 916 2032; x_wconf 88' lang='lat' dir='ltr'>quia</span> <span class='ocrx_word' id='word_1_50' title='bbox 940 1966 1011 2012; x_wconf 91' lang='lat' dir='ltr'>non</span> <span class='ocrx_word' id='word_1_51' title='bbox 1033 1966 1155 2011; x_wconf 91' lang='lat' dir='ltr'>omnes</span> <span class='ocrx_word' id='word_1_52' title='bbox 1171 1954 1332 2012; x_wconf 89' lang='lat' dir='ltr'>auctores</span> <span class='ocrx_word' id='word_1_53' title='bbox 1348 1945 1440 2013; x_wconf 88' lang='lat' dir='ltr'>inter</span> <span class='ocrx_word' id='word_1_54' title='bbox 1456 1967 1495 2011; x_wconf 92' lang='lat' dir='ltr'>se</span> 
     </span>
     <span class='ocr_line' id='line_1_9' title="bbox 325 2049 1495 2139; baseline 0.002 -22"><span class='ocrx_word' id='word_1_55' title='bbox 325 2049 532 2134; x_wconf 88' lang='lat' dir='ltr'>consentire,</span> <span class='ocrx_word' id='word_1_56' title='bbox 561 2050 622 2117; x_wconf 92' lang='lat' dir='ltr'>sed</span> <span class='ocrx_word' id='word_1_57' title='bbox 650 2051 859 2138; x_wconf 88' lang='lat' dir='ltr'>plerumque</span> <span class='ocrx_word' id='word_1_58' title='bbox 884 2053 1034 2119; x_wconf 89' lang='lat' dir='ltr'>alterum</span> <span class='ocrx_word' id='word_1_59' title='bbox 1058 2050 1103 2118; x_wconf 88' lang='lat' dir='ltr'>ab</span> <span class='ocrx_word' id='word_1_60' title='bbox 1127 2051 1273 2119; x_wconf 88' lang='lat' dir='ltr'>alterius</span> <span class='ocrx_word' id='word_1_61' title='bbox 1296 2074 1363 2119; x_wconf 92' lang='lat' dir='ltr'>usu</span> <span class='ocrx_word' id='word_1_62' title='bbox 1388 2061 1495 2139; x_wconf 89' lang='lat' dir='ltr'>atque</span> 
     </span>
     <span class='ocr_line' id='line_1_10' title="bbox 323 2157 1496 2245; baseline 0.003 -22"><span class='ocrx_word' id='word_1_63' title='bbox 323 2157 538 2245; x_wconf 90' lang='lat' dir='ltr'>compilandi</span> <span class='ocrx_word' id='word_1_64' title='bbox 562 2157 816 2224; x_wconf 88' lang='lat' dir='ltr'>consuetudine</span> <span class='ocrx_word' id='word_1_65' title='bbox 839 2158 1018 2226; x_wconf 90' lang='lat' dir='ltr'>discedere</span> <span class='ocrx_word' id='word_1_66' title='bbox 1042 2166 1317 2225; x_wconf 88' lang='lat' dir='ltr'>consentaneum</span> <span class='ocrx_word' id='word_1_67' title='bbox 1343 2168 1405 2243; x_wconf 91' lang='lat' dir='ltr'>est,</span> <span class='ocrx_word' id='word_1_68' title='bbox 1428 2158 1496 2226; x_wconf 92' lang='lat' dir='ltr'>hac</span> 
     </span>
     <span class='ocr_line' id='line_1_11' title="bbox 323 2264 1494 2353; baseline 0.005 -23"><span class='ocrx_word' id='word_1_69' title='bbox 323 2264 569 2352; x_wconf 88' lang='lat' dir='ltr'>disquisitione</span> <span class='ocrx_word' id='word_1_70' title='bbox 597 2264 764 2333; x_wconf 86' lang='lat' dir='ltr'>absoluta</span> <span class='ocrx_word' id='word_1_71' title='bbox 798 2265 989 2351; x_wconf 87' lang='lat' dir='ltr'>quaerendi</span> <span class='ocrx_word' id='word_1_72' title='bbox 1013 2265 1072 2331; x_wconf 90' lang='lat' dir='ltr'>via</span> <span class='ocrx_word' id='word_1_73' title='bbox 1095 2266 1318 2353; x_wconf 89' lang='lat' dir='ltr'>praemunita</span> <span class='ocrx_word' id='word_1_74' title='bbox 1342 2265 1494 2336; x_wconf 91' lang='lat' dir='ltr'>videtur.</span> 
     </span>
     <span class='ocr_line' id='line_1_12' title="bbox 326 2370 1496 2460; baseline 0.003 -25"><span class='ocrx_word' id='word_1_75' title='bbox 326 2371 441 2459; x_wconf 87' lang='lat' dir='ltr'>Atque</span> <span class='ocrx_word' id='word_1_76' title='bbox 469 2371 506 2436; x_wconf 93' lang='lat' dir='ltr'>in</span> <span class='ocrx_word' id='word_1_77' title='bbox 535 2370 602 2437; x_wconf 90' lang='lat' dir='ltr'>hac</span> <span class='ocrx_word' id='word_1_78' title='bbox 630 2371 772 2459; x_wconf 91' lang='lat' dir='ltr'>quidem</span> <span class='ocrx_word' id='word_1_79' title='bbox 801 2372 1007 2460; x_wconf 89' lang='lat' dir='ltr'>quaestione</span> <span class='ocrx_word' id='word_1_80' title='bbox 1036 2371 1255 2460; x_wconf 87' lang='lat' dir='ltr'>expedienda</span> <span class='ocrx_word' id='word_1_81' title='bbox 1283 2385 1324 2440; x_wconf 91' lang='lat' dir='ltr'>ut</span> <span class='ocrx_word' id='word_1_82' title='bbox 1352 2372 1417 2440; x_wconf 91' lang='lat' dir='ltr'>toti</span> <span class='ocrx_word' id='word_1_83' title='bbox 1446 2373 1496 2439; x_wconf 91' lang='lat' dir='ltr'>di-</span> 
     </span>
     <span class='ocr_line' id='line_1_13' title="bbox 324 2478 1496 2567; baseline 0 -22"><span class='ocrx_word' id='word_1_84' title='bbox 324 2478 520 2566; x_wconf 89' lang='lat' dir='ltr'>sputationi</span> <span class='ocrx_word' id='word_1_85' title='bbox 543 2500 619 2546; x_wconf 92' lang='lat' dir='ltr'>esse</span> <span class='ocrx_word' id='word_1_86' title='bbox 643 2480 755 2567; x_wconf 90' lang='lat' dir='ltr'>possit</span> <span class='ocrx_word' id='word_1_87' title='bbox 778 2481 1018 2566; x_wconf 68' lang='lat' dir='ltr'>fundamenta</span> <span class='ocrx_word' id='word_1_88' title='bbox 1042 2501 1108 2548; x_wconf 90' lang='lat' dir='ltr'>nos</span> <span class='ocrx_word' id='word_1_89' title='bbox 1131 2480 1174 2547; x_wconf 92' lang='lat' dir='ltr'>iis</span> <span class='ocrx_word' id='word_1_90' title='bbox 1197 2480 1367 2547; x_wconf 86' lang='lat' dir='ltr'>librorum</span> <span class='ocrx_word' id='word_1_91' title='bbox 1391 2481 1496 2566; x_wconf 86' lang='lat' dir='ltr'>Lydi-</span> 
     </span>
     <span class='ocr_line' id='line_1_14' title="bbox 325 2585 1495 2676; baseline 0.002 -24"><span class='ocrx_word' id='word_1_92' title='bbox 325 2607 473 2653; x_wconf 91' lang='lat' dir='ltr'>anorum</span> <span class='ocrx_word' id='word_1_93' title='bbox 502 2585 677 2675; x_wconf 90' lang='lat' dir='ltr'>partibus,</span> <span class='ocrx_word' id='word_1_94' title='bbox 710 2608 860 2673; x_wconf 90' lang='lat' dir='ltr'>quarum</span> <span class='ocrx_word' id='word_1_95' title='bbox 890 2598 1051 2655; x_wconf 88' lang='lat' dir='ltr'>auctores</span> <span class='ocrx_word' id='word_1_96' title='bbox 1081 2588 1289 2676; x_wconf 87' lang='lat' dir='ltr'>superstites</span> <span class='ocrx_word' id='word_1_97' title='bbox 1316 2586 1495 2671; x_wconf 89' lang='lat' dir='ltr'>habemus,</span> 
     </span>
     <span class='ocr_line' id='line_1_15' title="bbox 322 2692 1495 2782; baseline 0.001 -23"><span class='ocrx_word' id='word_1_98' title='bbox 322 2693 428 2761; x_wconf 91' lang='lat' dir='ltr'>inniti</span> <span class='ocrx_word' id='word_1_99' title='bbox 453 2714 515 2780; x_wconf 92' lang='lat' dir='ltr'>per</span> <span class='ocrx_word' id='word_1_100' title='bbox 538 2715 576 2759; x_wconf 92' lang='lat' dir='ltr'>se</span> <span class='ocrx_word' id='word_1_101' title='bbox 599 2692 825 2761; x_wconf 81' lang='lat' dir='ltr'>manifestum</span> <span class='ocrx_word' id='word_1_102' title='bbox 850 2703 914 2761; x_wconf 90' lang='lat' dir='ltr'>est.</span> <span class='ocrx_word' id='word_1_103' title='bbox 961 2695 1162 2761; x_wconf 91' lang='lat' dir='ltr'>Dolendum</span> <span class='ocrx_word' id='word_1_104' title='bbox 1180 2703 1298 2761; x_wconf 90' lang='lat' dir='ltr'>autem</span> <span class='ocrx_word' id='word_1_105' title='bbox 1316 2705 1378 2779; x_wconf 93' lang='lat' dir='ltr'>est,</span> <span class='ocrx_word' id='word_1_106' title='bbox 1401 2695 1495 2782; x_wconf 91' lang='lat' dir='ltr'>quod</span> 
     </span>
     <span class='ocr_line' id='line_1_16' title="bbox 324 2798 1494 2888; baseline 0.002 -22"><span class='ocrx_word' id='word_1_107' title='bbox 324 2822 394 2866; x_wconf 93' lang='lat' dir='ltr'>non</span> <span class='ocrx_word' id='word_1_108' title='bbox 419 2800 532 2867; x_wconf 90' lang='lat' dir='ltr'>multa</span> <span class='ocrx_word' id='word_1_109' title='bbox 556 2798 728 2866; x_wconf 89' lang='lat' dir='ltr'>eiusmodi</span> <span class='ocrx_word' id='word_1_110' title='bbox 753 2801 915 2888; x_wconf 88' lang='lat' dir='ltr'>exempla</span> <span class='ocrx_word' id='word_1_111' title='bbox 938 2801 1065 2868; x_wconf 89' lang='lat' dir='ltr'>bacin</span> <span class='ocrx_word' id='word_1_112' title='bbox 1089 2801 1245 2888; x_wconf 88' lang='lat' dir='ltr'>permala</span> <span class='ocrx_word' id='word_1_113' title='bbox 1269 2800 1390 2888; x_wconf 90' lang='lat' dir='ltr'>scripti</span> <span class='ocrx_word' id='word_1_114' title='bbox 1415 2824 1494 2868; x_wconf 91' lang='lat' dir='ltr'>con·</span> 
     </span>
     <span class='ocr_line' id='line_1_17' title="bbox 326 2906 852 2994; baseline -0.002 -19"><span class='ocrx_word' id='word_1_115' title='bbox 326 2906 464 2975; x_wconf 92' lang='lat' dir='ltr'>dicione</span> <span class='ocrx_word' id='word_1_116' title='bbox 488 2906 589 2974; x_wconf 91' lang='lat' dir='ltr'>nobis</span> <span class='ocrx_word' id='word_1_117' title='bbox 613 2907 852 2994; x_wconf 90' lang='lat' dir='ltr'>suppeditant.</span> 
     </span>
    </p>

    <p class='ocr_par' dir='ltr' id='par_1_4' title="bbox 324 3012 1495 3744">
     <span class='ocr_line' id='line_1_18' title="bbox 431 3012 1494 3104; baseline 0.002 -24"><span class='ocrx_word' id='word_1_118' title='bbox 431 3014 552 3082; x_wconf 90' lang='lat' dir='ltr'>Nihilo</span> <span class='ocrx_word' id='word_1_119' title='bbox 576 3013 694 3080; x_wconf 90' lang='lat' dir='ltr'>minus</span> <span class='ocrx_word' id='word_1_120' title='bbox 718 3035 798 3080; x_wconf 89' lang='lat' dir='ltr'>curn</span> <span class='ocrx_word' id='word_1_121' title='bbox 823 3012 867 3080; x_wconf 90' lang='lat' dir='ltr'>ad</span> <span class='ocrx_word' id='word_1_122' title='bbox 892 3014 1137 3102; x_wconf 87' lang='lat' dir='ltr'>explicandam</span> <span class='ocrx_word' id='word_1_123' title='bbox 1160 3015 1252 3080; x_wconf 92' lang='lat' dir='ltr'>hanc</span> <span class='ocrx_word' id='word_1_124' title='bbox 1274 3035 1348 3080; x_wconf 89' lang='lat' dir='ltr'>rem</span> <span class='ocrx_word' id='word_1_125' title='bbox 1370 3035 1494 3104; x_wconf 92' lang='lat' dir='ltr'>propo-</span> 
     </span>
     <span class='ocr_line' id='line_1_19' title="bbox 324 3120 1493 3207; baseline -0.002 -17"><span class='ocrx_word' id='word_1_126' title='bbox 324 3121 428 3190; x_wconf 87' lang='lat' dir='ltr'>sitam</span> <span class='ocrx_word' id='word_1_127' title='bbox 454 3121 671 3206; x_wconf 85' lang='lat' dir='ltr'>accedamus,</span> <span class='ocrx_word' id='word_1_128' title='bbox 694 3122 788 3189; x_wconf 88' lang='lat' dir='ltr'>hanc</span> <span class='ocrx_word' id='word_1_129' title='bbox 809 3120 1089 3189; x_wconf 87' lang='lat' dir='ltr'>ratiocinationis</span> <span class='ocrx_word' id='word_1_130' title='bbox 1113 3120 1208 3189; x_wconf 90' lang='lat' dir='ltr'>viam</span> <span class='ocrx_word' id='word_1_131' title='bbox 1225 3120 1493 3207; x_wconf 88' lang='lat' dir='ltr'>ingrediendam</span> 
     </span>
     <span class='ocr_line' id='line_1_20' title="bbox 324 3228 1495 3317; baseline -0.001 -22"><span class='ocrx_word' id='word_1_132' title='bbox 324 3228 425 3296; x_wconf 90' lang='lat' dir='ltr'>nobis</span> <span class='ocrx_word' id='word_1_133' title='bbox 449 3250 525 3295; x_wconf 91' lang='lat' dir='ltr'>esse</span> <span class='ocrx_word' id='word_1_134' title='bbox 548 3237 644 3316; x_wconf 90' lang='lat' dir='ltr'>put0,</span> <span class='ocrx_word' id='word_1_135' title='bbox 667 3239 709 3296; x_wconf 90' lang='lat' dir='ltr'>ut</span> <span class='ocrx_word' id='word_1_136' title='bbox 729 3228 1027 3317; x_wconf 90' lang='lat' dir='ltr'>quemadmodum</span> <span class='ocrx_word' id='word_1_137' title='bbox 1045 3229 1166 3314; x_wconf 86' lang='lat' dir='ltr'>Lydus</span> <span class='ocrx_word' id='word_1_138' title='bbox 1183 3236 1293 3295; x_wconf 87' lang='lat' dir='ltr'>totam</span> <span class='ocrx_word' id='word_1_139' title='bbox 1311 3228 1495 3297; x_wconf 88' lang='lat' dir='ltr'>materiam</span> 
     </span>
     <span class='ocr_line' id='line_1_21' title="bbox 325 3334 1495 3424; baseline -0.001 -22"><span class='ocrx_word' id='word_1_140' title='bbox 325 3334 593 3402; x_wconf 89' lang='lat' dir='ltr'>exauctoribus</span> <span class='ocrx_word' id='word_1_141' title='bbox 617 3338 823 3424; x_wconf 86' lang='lat' dir='ltr'>subreptam</span> <span class='ocrx_word' id='word_1_142' title='bbox 848 3335 1070 3423; x_wconf 88' lang='lat' dir='ltr'>disposuerit,</span> <span class='ocrx_word' id='word_1_143' title='bbox 1099 3336 1253 3423; x_wconf 90' lang='lat' dir='ltr'>primum</span> <span class='ocrx_word' id='word_1_144' title='bbox 1277 3356 1495 3422; x_wconf 86' lang='lat' dir='ltr'>quaeramus,</span> 
     </span>
     <span class='ocr_line' id='line_1_22' title="bbox 325 3442 1495 3532; baseline -0.001 -23"><span class='ocrx_word' id='word_1_145' title='bbox 325 3443 452 3509; x_wconf 88' lang='lat' dir='ltr'>deinde</span> <span class='ocrx_word' id='word_1_146' title='bbox 481 3452 600 3510; x_wconf 90' lang='lat' dir='ltr'>autem</span> <span class='ocrx_word' id='word_1_147' title='bbox 627 3443 863 3530; x_wconf 88' lang='lat' dir='ltr'>inquiramus,</span> <span class='ocrx_word' id='word_1_148' title='bbox 899 3465 988 3532; x_wconf 89' lang='lat' dir='ltr'>quas</span> <span class='ocrx_word' id='word_1_149' title='bbox 1016 3452 1159 3511; x_wconf 91' lang='lat' dir='ltr'>secutus</span> <span class='ocrx_word' id='word_1_150' title='bbox 1190 3442 1344 3510; x_wconf 91' lang='lat' dir='ltr'>rationes</span> <span class='ocrx_word' id='word_1_151' title='bbox 1373 3442 1495 3526; x_wconf 89' lang='lat' dir='ltr'>Lydus</span> 
     </span>
     <span class='ocr_line' id='line_1_23' title="bbox 324 3547 1495 3639; baseline -0.002 -23"><span class='ocrx_word' id='word_1_152' title='bbox 324 3550 431 3616; x_wconf 88' lang='lat' dir='ltr'>hosce</span> <span class='ocrx_word' id='word_1_153' title='bbox 447 3550 555 3616; x_wconf 89' lang='lat' dir='ltr'>libros</span> <span class='ocrx_word' id='word_1_154' title='bbox 572 3547 827 3638; x_wconf 89' lang='lat' dir='ltr'>conscripserit,</span> <span class='ocrx_word' id='word_1_155' title='bbox 852 3550 1013 3639; x_wconf 88' lang='lat' dir='ltr'>denique,</span> <span class='ocrx_word' id='word_1_156' title='bbox 1029 3551 1150 3639; x_wconf 89' lang='lat' dir='ltr'>quales</span> <span class='ocrx_word' id='word_1_157' title='bbox 1167 3550 1338 3636; x_wconf 88' lang='lat' dir='ltr'>cuiusque</span> <span class='ocrx_word' id='word_1_158' title='bbox 1355 3548 1495 3634; x_wconf 85' lang='lat' dir='ltr'>generis</span> 
     </span>
     <span class='ocr_line' id='line_1_24' title="bbox 324 3656 988 3744; baseline 0.005 -22"><span class='ocrx_word' id='word_1_159' title='bbox 324 3657 439 3724; x_wconf 80' lang='lat' dir='ltr'>tontes</span> <span class='ocrx_word' id='word_1_160' title='bbox 463 3656 522 3723; x_wconf 91' lang='lat' dir='ltr'>ille</span> <span class='ocrx_word' id='word_1_161' title='bbox 545 3657 753 3744; x_wconf 89' lang='lat' dir='ltr'>plerumque</span> <span class='ocrx_word' id='word_1_162' title='bbox 777 3656 988 3725; x_wconf 88' lang='lat' dir='ltr'>adhibuerit.</span> 
     </span>
    </p>
   </div>
   <div class='ocr_carea' id='block_1_4' title="bbox 606 3852 1218 4088">
    <p class='ocr_par' dir='ltr' id='par_1_5' title="bbox 606 3852 1218 4088">
     <span class='ocr_line' id='line_1_25' title="bbox 915 3852 946 3920; baseline -0.032 0"><span class='ocrx_word' id='word_1_163' title='bbox 915 3852 946 3920; x_wconf 90' lang='lat'>1.</span> 
     </span>
     <span class='ocr_line' id='line_1_26' title="bbox 606 3857 1218 4088; baseline -0.005 -25"><span class='ocrx_word' id='word_1_164' title='bbox 606 3980 667 4063; x_wconf 89' lang='lat' dir='ltr'>De</span> <span class='ocrx_word' id='word_1_165' title='bbox 695 3857 1039 4088; x_wconf 69' lang='lat' dir='ltr'>Lydlanl§operls</span> <span class='ocrx_word' id='word_1_166' title='bbox 1068 3980 1218 4062; x_wconf 88' lang='lat' dir='ltr'>indole.</span> 
     </span>
    </p>
   </div>
   <div class='ocr_carea' id='block_1_5' title="bbox 326 4139 1496 4444">
    <p class='ocr_par' dir='ltr' id='par_1_6' title="bbox 326 4139 1496 4444">
     <span class='ocr_line' id='line_1_27' title="bbox 433 4139 1495 4232; baseline -0.001 -26"><span class='ocrx_word' id='word_1_167' title='bbox 433 4141 524 4225; x_wconf 88' lang='lat' dir='ltr'>Lydi</span> <span class='ocrx_word' id='word_1_168' title='bbox 556 4141 662 4208; x_wconf 87' lang='lat' dir='ltr'>libros</span> <span class='ocrx_word' id='word_1_169' title='bbox 695 4151 862 4229; x_wconf 89' lang='lat' dir='ltr'>quattuor</span> <span class='ocrx_word' id='word_1_170' title='bbox 893 4140 974 4230; x_wconf 78' lang='grc' dir='ltr'><em>περὶ</em></span> <span class='ocrx_word' id='word_1_171' title='bbox 1001 4146 1113 4232; x_wconf 80' lang='grc' dir='ltr'><em>μηνῶν</em></span> <span class='ocrx_word' id='word_1_172' title='bbox 1139 4140 1327 4228; x_wconf 85' lang='lat' dir='ltr'>inscriptos</span> <span class='ocrx_word' id='word_1_173' title='bbox 1355 4139 1385 4206; x_wconf 92' lang='lat' dir='ltr'>si</span> <span class='ocrx_word' id='word_1_174' title='bbox 1415 4139 1495 4227; x_wconf 90' lang='lat' dir='ltr'>quis</span> 
     </span>
     <span class='ocr_line' id='line_1_28' title="bbox 326 4247 1496 4336; baseline -0.002 -22"><span class='ocrx_word' id='word_1_175' title='bbox 326 4248 437 4315; x_wconf 92' lang='lat' dir='ltr'>oculis</span> <span class='ocrx_word' id='word_1_176' title='bbox 460 4258 648 4335; x_wconf 86' lang='lat' dir='ltr'>percurret,</span> <span class='ocrx_word' id='word_1_177' title='bbox 671 4247 709 4313; x_wconf 93' lang='lat' dir='ltr'>in</span> <span class='ocrx_word' id='word_1_178' title='bbox 733 4248 886 4335; x_wconf 86' lang='lat' dir='ltr'>singulis</span> <span class='ocrx_word' id='word_1_179' title='bbox 909 4249 981 4315; x_wconf 85' lang='lat' dir='ltr'>fere</span> <span class='ocrx_word' id='word_1_180' title='bbox 1004 4247 1155 4336; x_wconf 67' lang='lat' dir='ltr'>paginis</span> <span class='ocrx_word' id='word_1_181' title='bbox 1180 4247 1342 4335; x_wconf 87' lang='lat' dir='ltr'>quamvis</span> <span class='ocrx_word' id='word_1_182' title='bbox 1366 4247 1496 4314; x_wconf 90' lang='lat' dir='ltr'>tenuis-</span> 
     </span>
     <span class='ocr_line' id='line_1_29' title="bbox 327 4354 1495 4444; baseline -0.001 -23"><span class='ocrx_word' id='word_1_183' title='bbox 327 4355 416 4422; x_wconf 90' lang='lat' dir='ltr'>sima</span> <span class='ocrx_word' id='word_1_184' title='bbox 453 4355 699 4424; x_wconf 88' lang='lat' dir='ltr'>tantummodo</span> <span class='ocrx_word' id='word_1_185' title='bbox 733 4376 902 4444; x_wconf 89' lang='lat' dir='ltr'>persaepe</span> <span class='ocrx_word' id='word_1_186' title='bbox 937 4356 1088 4424; x_wconf 76' lang='lat' dir='ltr'>frustula</span> <span class='ocrx_word' id='word_1_187' title='bbox 1123 4355 1224 4423; x_wconf 92' lang='lat' dir='ltr'>nobis</span> <span class='ocrx_word' id='word_1_188' title='bbox 1254 4355 1382 4424; x_wconf 90' lang='lat' dir='ltr'>tradita</span> <span class='ocrx_word' id='word_1_189' title='bbox 1416 4354 1495 4438; x_wconf 84' lang='lat' dir='ltr'>sint,</span> 
     </span>
    </p>
   </div>
   <div class='ocr_carea' id='block_1_6' title="bbox 0 0 1707 4952">
    <p class='ocr_par' dir='ltr' id='par_1_7' title="bbox 0 0 1707 4952">
     <span class='ocr_line' id='line_1_30' title="bbox 0 0 1707 4952; baseline 0 0"><span class='ocrx_word' id='word_1_190' title='bbox 0 0 1707 4952; x_wconf 95' lang='lat' dir='ltr'> </span> 
     </span>
    </p>
   </div>
  </div>
 </body>
</html>
