3398 4952
671 1083 891 1168 Praelatio.

299 1247 356 1317 Ex
372 1247 547 1314 omnibus
572 1247 716 1314 Ioannis
740 1247 925 1320 Laurentii
948 1245 1068 1335 Lydi¹)
1094 1245 1360 1334 Philadelpheni

190 1354 364 1444 operibus,
388 1375 479 1442 quae
503 1355 547 1421 ab
571 1377 613 1422 eo
637 1355 833 1442 composita
857 1375 933 1422 esse
957 1377 976 1422 e
1000 1363 1095 1422 certo
1121 1354 1236 1420 Photii
1254 1354 1359 1442 patri·

190 1463 318 1530 archae
340 1460 574 1549 testimonio2)
597 1461 736 1545 scimus,
764 1461 917 1529 maxime
944 1460 1100 1528 mutilati
1128 1461 1170 1528 ad
1202 1471 1358 1528 nostram

193 1578 346 1636 aetatem
378 1579 616 1656 pervenerunt
645 1568 725 1636 libri
757 1569 837 1656 περὶ
867 1573 978 1660 μηνῶν
1004 1567 1176 1657 inscripti;
1211 1590 1360 1656 quorum

190 1699 303 1764 pauca
339 1676 586 1756 tantummodo
620 1675 811 1763 tenuiaque
849 1676 1051 1762 fragmenta
1090 1696 1171 1742 cum
1207 1685 1360 1743 exeunte

191 1785 332 1851 saeculo
362 1784 676 1866 duodevicesimo³)
707 1805 751 1850 ex
782 1782 950 1850 diuturna
981 1782 1159 1850 oblivione
1185 1781 1222 1849 in
1245 1783 1360 1850 lucem

190 1901 356 1959 revocata
379 1901 508 1975 essent,
531 1890 608 1957 fieri
631 1913 702 1956 non
726 1889 851 1977 potuit,
879 1889 965 1977 quin
990 1889 1149 1957 certatim
1174 1889 1241 1958 viri
1265 1889 1359 1956 docti

190 1999 286 2065 hunc
313 1998 547 2067 novissimum
570 1998 768 2064 litterarum
793 2018 956 2084 campum
981 1996 1133 2084 ingressi
1158 2019 1220 2084 per
1244 2007 1358 2065 totum

191 2105 379 2193 superioris
403 2105 534 2173 saeculi
557 2104 711 2193 spatium
734 2103 905 2189 Lydianis
929 2104 1113 2190 excerptis,
1137 2125 1227 2191 quae
1249 2103 1359 2191 longe

190 2213 331 2300 lateque
353 2235 415 2300 per
438 2234 561 2279 omnes
585 2212 657 2278 lere
678 2209 814 2278 codices
831 2220 938 2298 atque
953 2210 1186 2278 bibliothecas
1201 2209 1360 2298 dispersa

191 2342 267 2386 esse
282 2319 562 2407 suspicabantur,
586 2317 805 2405 conligendis
825 2317 1128 2405 explanandisqne
1144 2328 1252 2405 atque
1269 2318 1360 2386 inter

190 2449 229 2494 se
252 2425 504 2515 componendis
521 2426 673 2492 multum
698 2446 825 2511 operae
848 2434 1023 2492 navarent
1046 2424 1222 2512 huiusque
1238 2425 1359 2513 scripti

190 2534 337 2600 schedas
373 2533 552 2620 Lydianas
591 2532 628 2599 in
667 2529 865 2618 singulares
905 2531 1076 2598 editiones
1115 2531 1359 2620 redigerent.⁴)

191 2643 329 2707 Horum
354 2650 473 2709 autem
498 2640 672 2706 editorum
691 2639 953 2706 recentissimus
979 2638 1151 2706 Ricardus
1176 2640 1354 2709 Wuensch

189 2758 377 2835 postquam
393 2771 456 2836 per
472 2745 622 2831 Italiam,
638 2745 931 2833 Francogalliam,
949 2746 1161 2833 Hispaniam
1178 2748 1357 2834 proiectus

190 2855 282 2940 Lydi
295 2856 494 2942 fragmenta
507 2854 551 2921 ad
560 2853 666 2921 hosce
676 2853 784 2920 libros
793 2853 1007 2942 pertinentia
1018 2853 1055 2919 in
1066 2853 1358 2920 bibliothecarum

189 2962 325 3030 scriniis
359 2962 535 3049 qnaesivit
573 2983 614 3028 ac
651 2983 722 3027 non
760 2981 883 3047 pauca,
922 2982 1012 3048 quae
1048 2958 1163 3027 adhuc
1202 2959 1356 3029 virorum

189 3071 372 3137 doctorum
404 3070 520 3137 studia
552 3069 762 3155 effugerant,
794 3067 831 3133 in
858 3068 972 3134 lucem
997 3065 1145 3154 protulit
1167 3067 1356 3154 denuoque

441 3240 470 3270 x

301 3287 326 3372 ¹)
347 3293 384 3351 de
407 3293 468 3351 vita
483 3291 548 3349 fuse
565 3290 688 3366 exponit
703 3289 802 3365 Lydus
818 3289 883 3364 ipse
900 3288 1028 3346 inlibris
1044 3289 1101 3358 „de
1117 3287 1358 3364 magistratibus“

156 3405 158 3410 ·
189 3377 448 3464 111,26-30(p.
468 3378 701 3449 llus-llari
729 3379 776 3436 ed.
793 3371 972 3459 Wuensch);
997 3378 1140 3453 inspicias
1164 3378 1256 3434 etiam
1271 3377 1358 3435 Hasii

189 3473 444 3546 elegantissimum
468 3473 507 3528 de
523 3470 637 3528 Ioanne
653 3467 736 3543 Lydo
756 3468 1006 3525 commentarium
1029 3487 1059 3542 p.
1075 3467 1132 3524 VII
1147 3484 1191 3542 sq.
1208 3473 1239 3524 et
1253 3466 1359 3525 Krollii

189 3561 441 3635 explicationes
433 3576 477 3617 in:
512 3558 646 3617 Berliner
671 3557 813 3632 philolog.
840 3555 1079 3615 Wochenschrift
1112 3555 1211 3613 XXIV
1243 3552 1359 3638 (1904)

189 3648 246 3706 No.
263 3649 303 3709 28
328 3670 358 3726 p.
377 3649 436 3710 871
457 3667 502 3725 sq.

297 3738 322 3815 2)
347 3741 406 3797 hoc
422 3745 469 3797 est
485 3736 580 3796 Photii
595 3735 801 3795 testimonium
817 3736 848 3792 in
866 3736 940 3792 bibl.
957 3737 1024 3793 cod.
1044 3734 1119 3795 180:
1145 3719 1204 3796 ἇνε
1206 3725 1358 3837 pacando·-

188 3845 250 3888 σαν
270 3814 419 3890 Ἰωάννου
441 3819 648 3908 Λαυρεντιου
666 3820 900 3931 Φιλαδελφέως
922 3844 981 3886 του
966 3821 1113 3886 Λυδοῦ
1129 3823 1356 3908 πραγματεῖαι

188 3916 297 3997 τρεῖς·
325 3937 404 3999 περι
395 3909 640 4000 Διοσημείων,
667 3935 747 3996 περι
739 3909 898 4001 Μηνῶν,
925 3934 1003 3996 περι
995 3899 1143 3994 ’Λρχῶν
1166 3908 1356 3976 πολιτικῶν.

296 4005 323 4083 3)
349 4025 427 4064 anno
455 4005 537 4067 1794
555 4005 698 4062 Nicolaus
714 4004 865 4062 Schowius
881 4003 994 4079 primus
1011 4002 1097 4059 huius
1113 4001 1238 4077 Lydiani
1254 4001 1358 4076 scripti

191 4096 352 4153 schedas'
344 4115 374 4153 m
397 4096 553 4171 publicum
577 4094 685 4152 emisit

297 4183 322 4262 4)
339 4203 414 4260 quas
430 4202 535 4243 omnes
552 4190 743 4241 enumeratas
753 4181 886 4240 invenies
899 4182 980 4257 apud
992 4180 1207 4239 Wnenschium
1223 4180 1252 4237 in
1263 4177 1357 4254 praef.

115 4297 116 4302 ’
187 4292 237 4349 ed.
260 4312 289 4367 p.
305 4292 386 4350 LXX
402 4311 445 4368 sq.

1253 4423 1265 4478 1
