3418 4954
705 373 927 442 ..65-

230 589 372 675 einzige
402 588 562 656 Gewinn
587 588 634 656 ist
657 589 714 657 die
744 588 995 676 Erweiterung
1021 589 1084 655 des
1113 590 1291 657 Stammes
1319 589 1411 655 nacl'r

232 696 326 762 oben
350 695 461 762 durch
480 695 760 783 Heranziehung
782 697 845 762 des
861 694 1080 784 Porphyrius
1105 694 1186 785 περὶ
1202 684 1410 785 ἀγαλμάτων,

227 802 293 871 die
316 802 445 888 gewiss
469 802 559 869 auch
583 802 756 871 Wissowa
778 803 980 869 annehmen
1004 801 1100 886 wird,
1124 802 1254 869 ebenso
1271 801 1409 887 gewiss

233 911 286 976 als
315 931 352 976 er
379 910 437 976 die
462 913 687 996 Unrsetznng
714 931 785 978 von
809 910 1029 995 Jamblichos
1054 908 1133 997 περὶ
1156 914 1246 977 θεῶν
1268 909 1306 975 in
1330 909 1410 997 περὶ

231 1006 433 1106 ἀγαλμάτων
447 1017 521 1084 und
536 1017 594 1084 die
611 1017 842 1104 Einiirhrung
857 1018 920 1083 des
937 1016 1106 1103 Fontejus
1123 1017 1174 1082 als
1191 1015 1411 1084 unerwiesen

233 1124 407 1191 ablehnen
445 1129 571 1206 muss,“
605 1133 712 1211 atque
747 1122 863 1190 simile
898 1124 969 1190 iere
1000 1123 1170 1190 iudicium
1199 1123 1409 1210 pronuntiat

236 1231 464 1314 Bdrtzlerusll
499 1230 550 1298 sic
584 1232 739 1300 locutus:
775 1231 857 1316 „Bei
892 1231 1006 1297 seiner
1042 1230 1254 1318 Opposition
1290 1252 1409 1316 gegen

235 1338 407 1408 Wissowa
430 1337 477 1405 ist
492 1325 635 1404 Traube
660 1338 888 1405 entschieden
912 1337 961 1405 im
977 1338 1164 1406 Unrecht.“
1210 1338 1311 1421 Quae
1327 1359 1408 1420 cum

233 1446 284 1511 ita
319 1445 405 1530 sint,
441 1445 528 1511 milri
563 1429 710 1512 dubium
748 1467 823 1512 esse
857 1468 929 1511 non
966 1445 1105 1512 videtur
1140 1444 1224 1531 quin
1262 1444 1410 1530 Georgii

234 1539 406 1622 Wissowa
442 1553 705 1640 argumentatio
740 1575 761 1619 a
787 1551 945 1619 Traubio
972 1575 1043 1618 non
1072 1553 1245 1619 labefacta
1273 1562 1410 1619 senten·

235 1660 354 1746 tiaque
378 1671 473 1727 certa
497 1661 552 1728 sit.
1185 1665 1187 1668 ’
1373 1652 1375 1656 ’

333 1769 458 1853 ,Atque
482 1778 692 1834 concentum
717 1767 858 1855 quidem
885 1789 990 1854 quern
1012 1767 1103 1834 inter
1119 1766 1260 1851 Lydum
1279 1769 1411 1832 Macro·

234 1873 404 1960 biumque
429 1875 602 1944 Wissowa
626 1874 762 1942 detexit
784 1874 844 1940 ille
868 1874 935 1940 hoc
958 1875 1062 1940 modo
1079 1873 1244 1960 expedire
1261 1883 1410 1940 conatus

234 1983 331 2064 est²):
355 1981 463 2067 „qui,“
485 1981 610 2068 inquit,
634 1991 772 2066 „utrum
797 1982 921 2048 eodem
945 1992 1052 2068 atque
1076 1981 1135 2046 ille
1158 1991 1301 2050 auctore
1323 2002 1409 2047 usus

234 2087 1411 2176 mmfflfflfflmffimmmmmmmmffiw

234 2196 412 2282 platonico
447 2196 611 2279 (tortasse
647 2219 668 2262 a
704 2197 839 2278 Proclo)
873 2196 1046 2283 acceperit
1081 2197 1210 2262 dubius
1245 2194 1410 2262 haesito.“

235 2303 366 2369 Contra
396 2315 515 2369 autem
544 2302 725 2390 Traube3),
753 2303 813 2389 qui
842 2303 989 2370 eandem
1018 2303 1262 2390 quaestionem
1285 2302 1408 2390 paucis

235 2409 1410 2498 wffifflmwmmfflmmmmwmw

235 2519 383 2583 beonem
420 2527 456 2583 et
483 2517 717 2584 Iamblichum
747 2517 1005 2605 usurpaverint,
1041 2540 1085 2584 ex
1114 2518 1236 2584 eodem
1266 2526 1410 2584 auctore

235 2623 387 2710 pendere
426 2633 462 2690 et
496 2623 707 2711 compilasse
744 2623 882 2690 Fonteii
916 2625 1047 2691 librum
1084 2625 1165 2714 περὶ
1200 2615 1408 2714 ἀγαλμάτων,

234 2729 1409 2821 pmwmmmstfflmmmfflsswspffifflwmm

235 2848 299 2905 est
367 2837 527 2921 Quarum
582 2839 838 2905 sententiarum
879 2840 1002 2924 altera,
1041 2839 1281 2906 Traubianam
1322 2839 1409 2922 dico,

235 2943 420 3028 reicienda,
455 2944 565 3011 altera
601 2945 804 3013 adcuratius
835 2946 1072 3013 examinanda
1107 2956 1172 3027 est3
1209 2967 1290 3011 nam
1327 2966 1407 3012 cum

235 3049 383 3136 Traubii
418 3051 461 3117 de
497 3052 666 3117 Macrobii
701 3051 845 3121 auctore
879 3053 1080 3140 opinionem
1119 3074 1139 3118 a
1174 3051 1259 3117 viris
1295 3051 1407 3118 doctis

234 3159 425 3224 refutatam
451 3178 526 3224 esse
551 3158 819 3242 ostenderimus,
847 3160 907 3226 ille
930 3160 1024 3226 inter
1047 3160 1137 3226 duos
1161 3158 1407 3246 compilatores

237 3253 428 3331 consensus
456 3265 592 3348 suadet,
615 3275 656 3332 ut
682 3265 718 3331 id
745 3268 839 3354 quod
864 3268 907 3333 de
932 3265 1023 3352 Lydi
1049 3276 1193 3334 auctore
1215 3263 1277 3331 ille
1300 3260 1409 3332 sentit

183 3396 185 3399 ¹
236 3371 475 3458 repudiemus.
523 3373 606 3439 Huc
631 3395 714 3439 vero
738 3373 881 3457 accedit,
905 3373 999 3461 quod
1024 3395 1068 3440 ex
1086 3395 1127 3442 ea
1144 3395 1213 3460 qua
1229 3372 1409 3439 inducitur

237 3478 407 3546 Fonteius
433 3481 525 3564 [1v,2
542 3479 588 3567 (p.
605 3475 699 3569 65,⁴)]
724 3479 860 3546 ratione
876 3481 951 3547 sola
968 3479 1105 3566 Lydum
1123 3502 1194 3547 non
1210 3479 1409 3567 inspexisse

237 3585 313 3653 eius
336 3585 464 3652 librum
490 3586 679 3653 coniectari
702 3597 830 3673 potest.

341 3695 417 3760 lam
442 3715 526 3760 vero
549 3693 793 3779 quaestionem
809 3693 854 3759 de
870 3694 1033 3779 Lydiano
1050 3705 1192 3762 auctore
1208 3693 1407 3762 institutori

234 3797 325 3884 Lydi
350 3810 386 3867 et
402 3800 571 3867 Macrobii
595 3800 639 3867 de
656 3800 711 3866 dis
727 3799 865 3887 placita,
884 3812 924 3868 ut
939 3823 1031 3889 quae
1047 3802 1139 3867 inter
1156 3823 1197 3868 ea
1213 3802 1408 3868 intercedat

233 3913 323 3972 ratio
347 3927 613 3992 cognoscamus
642 3907 735 3974 inter
757 3929 835 3974 sese
858 3907 1048 3994 diligenter
1072 3909 1303 3993 conferamus,
1331 3930 1408 3994 pro-

230 4067 447 4080 *nn——

346 4163 370 4239 ¹)
392 4167 411 4222 l.
435 4183 461 4224 c.
484 4186 514 4241 p.
531 4165 573 4227 49
597 4175 660 4225 not
687 4165 713 4227 l.

345 4248 371 4335 ²)
394 4255 413 4311 l
437 4271 464 4312 c.
485 4273 516 4330 p.
531 4254 583 4316 42.

247 4361 274 4392 r2
308 4385 311 4398 ,
343 4339 370 4424 ³)
392 4343 411 4400 l.
435 4360 462 4402 c.
485 4342 584 4419 p.37.
