3398 4952
678 315 899 386 „29-

315 531 347 603 Ε
371 552 522 620 quorum
545 533 704 600 locorum
726 531 989 620 comparatione
1005 532 1156 617 Lydum,
1179 540 1305 620 utpote
1322 532 1383 620 qui

209 640 316 707 rebus
345 659 416 705 non
445 638 621 726 discrepet
643 661 664 705 a
687 637 817 719 Solino,
841 649 905 706 aut
926 637 1090 708 Solinum
1113 638 1231 725 ipsum
1256 639 1301 706 ad
1325 639 1383 706 de-

209 746 437 814 scribendum
460 745 664 813 adhibuisse
687 753 751 812 aut
774 755 868 812 certe
883 745 1038 833 aliquem
1054 745 1199 831 iontem,
1223 745 1381 833 quicum

211 852 324 921 Soliui
348 853 524 920 artissime
539 852 749 920 coniunctus
773 863 875 936 esset,
899 853 1026 936 elucet;
1051 872 1133 919 nam
1158 863 1275 919 certus
1292 850 1383 937 Lydi

213 970 336 1029 auctor
356 960 434 1047 quis
450 959 565 1044 fuerit,
588 959 626 1026 in
642 958 777 1026 incerto
791 959 990 1045 relinquere
1004 968 1170 1047 praestat,
1193 959 1289 1046 quod
1305 961 1382 1048 ipse

212 1068 289 1135 eius
316 1088 448 1134 nomen
474 1067 611 1136 reticet.
656 1067 696 1132 Id
722 1075 842 1134 autem
866 1075 1007 1134 constat
1030 1086 1111 1134 eum
1135 1066 1174 1133 in
1196 1088 1262 1135 suo
1284 1069 1382 1134 fonte

216 1174 418 1240 Tarrutium
442 1174 539 1239 iilum
562 1174 839 1240 mathematicum
861 1173 933 1240 iam
953 1173 1177 1241 nominatum
1193 1173 1381 1242 invenisse

316 1281 418 1348 Idem
446 1301 532 1349 vero
559 1280 597 1347 in
626 1280 714 1347 alios
742 1280 839 1348 locos
863 1280 988 1348 cadere
1011 1302 1214 1367 cognosces,
1237 1282 1268 1348 si
1292 1302 1383 1348 com-

210 1387 351 1476 parabis
381 1387 469 1474 Lyd.
499 1390 556 1470 I‚12
586 1391 631 1474 (p.
656 1383 722 1472 33,0
747 1390 811 1474 sq.)
839 1409 920 1455 cum
950 1387 1107 1455 Philonis
1135 1387 1252 1456 verbis
1282 1389 1386 1455 inde

210 1496 340 1582 opficw
363 1495 489 1560 mundi
509 1494 530 1583 ᾖ
551 1491 618 1561 100
641 1499 688 1584 (p.
713 1492 914 1583 34,12-1o)¹)1

267 1654 353 1740 Lyd.
378 1658 453 1739 11,12
479 1665 525 1742 (p.
543 1653 608 1739 33,⁸
633 1655 698 1745 sq.)
798 1653 803 1762 ι
893 1655 982 1723 Phil.
999 1655 1043 1722 de
1066 1655 1149 1744 opii.
1165 1677 1210 1722 m.
1227 1655 1247 1744 ξ
1263 1651 1339 1724 100.

209 1777 743 1872 οἵγεμὴνΠυθαγόρειοιτῷ
851 1776 884 1847 ot
923 1779 959 1848 δὲ
993 1777 1306 1869 Πυθαγόρειοι
1335 1787 1386 1907 ,τῇ

232 1879 744 1980 ήγεμόνιτοῶπαντόςτήνὲβδό-

233 2022 298 2087 μήν
321 1989 536 2066 ἀνατίθενται
559 2045 742 2064 .........

234 2093 395 2191 ὀρθῶς
358 2128 415 2170 ουν
427 2093 577 2194 ῶμήτορα
586 2096 644 2171 τὸν
654 2099 744 2172 ἑπτὰ

234 2201 625 2298 ῶριθμόνὸῶιλόλαος
642 2234 746 2301 ιτροσ-

234 2315 412 2439 ήγόρευσεζ
437 2315 540 2405 μόνος
574 2313 635 2407 γὰρ
669 2305 745 2385 oiira

233 2429 349 2514 γεννᾶν
372 2414 449 2494 οὔτε
472 2430 656 2514 γεννᾶσθαι
679 2424 745 2494 στέ-

233 2556 323 2623 φινκε.
364 2525 403 2600 τὸ
436 2533 473 2600 δὲ
507 2528 591 2622 μήτε
623 2536 745 2663 γεννῶν

234 2636 318 2729 μήτε
349 2638 546 2729 γεννώμενον
569 2631 745 2731 ῶκϊνήτον·

234 2746 269 2814 ἒν
299 2745 426 2838 κινήσει
457 2742 519 2836 γὰρ
542 2774 564 2876 ή
553 2738 744 2872 γέννήσις,

233 2847 273 2921 rei
295 2852 366 2939 μέν,
392 2854 447 2922 ἵνα
470 2851 617 2944 γεννήσῃ,
642 2879 681 2920 το
672 2849 744 2936 δέ,

229 2963 287 3028 ἵνα
321 2966 492 3053 γεννηθῇ·
526 2965 676 3042 τοιοῦτος
709 2960 747 3028 δὲ

236 3061 254 3136 ὅ
288 3068 379 3154 θεός,
416 3060 462 3150 ῶς
495 3068 551 3137 καὶ
582 3059 699 3150 αὖτός
728 3058 745 3136 ὅ

235 3175 360 3269 ῥήτωρ
412 3168 430 3244 ὁ
481 3180 746 3264 Ταραντῖνος·

234 3285 320 3377 φησὶ
353 3285 390 3352 δὲ
423 3275 547 3364 οὕτως·
582 3274 663 3352 (ἔστι
686 3276 748 3374 γὰρ

236 3383 366 3526 ήγεμῶν
385 3391 444 3460 καὶ
460 3379 569 3482 ῶρχων
584 3381 747 3459 ῶπῶντιν

236 3491 285 3580 εἷς
313 3490 366 3568 ἀεὶ
406 3494 452 3567 ῶν
474 3496 572 3582 θεός,
605 3494 747 3584 μόνιμος

187 3668 190 3672 .
236 3596 391 3698 ακίνήτος
464 3597 565 3686 αὐτὸς
637 3601 743 3694 canapi

237 3705 372 3799 ὅμοιος.’

874 1877 1009 1978 ἡγεμόνι
1023 1892 1090 1954 τῶν
1106 1885 1324 1973 συμπάντων
1346 1884 1385 1956 τὸ

874 1989 937 2084 γὰρ
959 1992 1043 2086 μήτε
1065 1999 1185 2083 γεννῶν
1207 1993 1292 2128 μήτε
1314 2022 1387 2086 γεν-

874 2099 1019 2188 νῶμενον
1041 2091 1196 2234 ῶκίνῇτον
1214 2102 1328 2189 μένει·
1353 2129 1388 2172 εν

874 2206 1003 2299 κινήσει
1019 2203 1087 2334 γὰρ
1109 2201 1283 2300 ήγένεσις,
1309 2209 1386 2278 ἐπει

877 2315 953 2402 <nat
991 2310 1030 2384 τὸ
1068 2319 1208 2408 γεννῶν)
1253 2318 1310 2386 καὶ
1346 2314 1386 2386 τὸ

875 2421 1073 2511 γεννῶμενον
1107 2415 1166 2494 οὗκ
1196 2414 1274 2494 ‹iver›
1297 2424 1388 2518 κινή-

876 2554 970 2614 σεως,
1006 2527 1045 2599 τὸ
1079 2532 1141 2619 μὲν
1163 2535 1218 2602 ἵνα
1240 2533 1385 2666 γεννήσή,

875 2631 914 2704 τό
949 2637 1026 2759 (5ήῖ
1009 2642 1064 2708 ἱνα
1088 2649 1252 2766 γεννηθῇ
1286 2641 1388 2730 μόνον

876 2733 981 2812 δ”
941 2770 1018 2814 ouva
1046 2754 1156 2816 κινοῦν
1179 2740 1254 2819 οὔτε
1275 2776 1388 2820 κινου-

875 2877 975 2937 μενον
999 2844 1017 2920 ὁ
1038 2845 1262 2947 πρεσβυτερος
1278 2847 1386 2947 ἅρχων

876 2961 933 3028 καὶ
967 2953 1105 3052 ήγεμῶν,
1139 2952 1178 3032 οὗ
1199 2956 1322 3054 λέγοιτ’
1346 2959 1387 3033 ὃν

877 3067 1115 3161 προσηκόντως
1125 3063 1221 3138 εἰκῶν
1232 3068 1386 3157 ἕβδομός.

875 3181 1031 3304 μαρτυρεῖ
1057 3177 1095 3246 δέ
1127 3202 1190 3263 μον
1227 3183 1274 3268 τῷ
1300 3175 1387 3268 λόγῳ

877 3282 942 3350 καὶ
967 3274 1205 3364 Φιλόλαος’
1188 3309 1223 3352 εν
1244 3283 1386 3366 τούτοις

879 3377 988 3473 ηἘστι
1009 3417 1082 3482 γαρ,
1111 3391 1229 3483 φησίν,
1259 3383 1387 3482 ήγεμῶν

876 3496 933 3564 καὶ
967 3524 1076 3586 αρχων
1110 3488 1270 3566 ἁπάντων
1305 3494 1387 3579 θεὸς

876 3597 925 3685 εις
933 3596 988 3673 ἀεὶ
997 3594 1051 3690 ῶν,
1063 3603 1214 3692 μόνιμος,
1226 3595 1386 3698 α’κίνητσς,

876 3825 944 3886 τῶν
968 3809 1106 3887 ῶλλων.“

324 3961 521 4049 Utriusque
567 3961 758 4030 commenti
804 3961 1057 4051 explicationes
1103 3962 1147 4030 de
1184 3963 1385 4052 septenario

325 4199 350 4276 ¹)
376 4217 488 4276 seqnor
510 4199 678 4258 editionem
702 4217 721 4256 a
743 4197 839 4276 Leop.
862 4197 949 4259 Cohn
972 4207 1004 4258 et
1026 4201 1057 4259 P.
1080 4199 1250 4260 Wendland
1274 4199 1388 4258 iactam

214 4288 274 4346 vol.
295 4288 320 4350 1.
400 4357 403 4364 ¹
