3418 4954
780 338 1022 409 -106-

312 553 483 630 nominari
519 553 656 622 doceat,
681 553 735 620 his
756 555 901 642 ‘amplis
936 555 1053 622 verbis
1077 577 1176 642 usus:
1204 557 1354 644 „Cr'rrgio
1378 559 1484 624 etium

322 663 427 726 Varro
461 662 627 730 consentit
658 663 846 747 adfirmans
880 685 1000 728 uomere
1036 665 1176 729 Veneris
1199 686 1242 730 ne
1262 665 1325 730 sub
1348 665 1486 752 regibus

312 769 445 855 quidem
465 769 564 855 apud
583 770 755 834 Romanos
778 770 834 834 vel
855 771 1019 835 Latrnerm
1043 771 1099 836 vel
1126 771 1293 838 Graecum
1306 773 1433 858 furere,
1451 779 1488 837 et

312 877 384 942 seeo
418 898 487 940 non
515 875 666 963 petrense
700 898 846 942 mensem
882 900 902 942 ο
932 882 1053 943 Venere
1084 879 1289 951 reoree'narri‘,
1314 879 1402 945 haec
1425 878 1486 944 ad-

312 981 462 1069 notat¹):
491 980 612 1067 „cuins
635 981 683 1049 rei
709 981 941 1050 Censorinum
969 983 1058 1050 nihil
1086 1005 1363 1055 commemorare
1388 985 1485 1052 vide·

311 1091 422 1174 mus“,
451 1110 530 1156 curn
561 1111 625 1156 nos
654 1091 747 1177 apud
773 1090 1005 1158 Censorinum
1030 1093 1188 1159 Varrone
1215 1102 1307 1158 teste
1330 1092 1484 1159 breviter

313 1197 481 1284 scriptum
518 1197 680 1283 legamus
714 1197 805 1284 (cap.
829 1194 948 1282 22,ιι);
986 1198 1168 1284 „Aprilem
1188 1203 1317 1264 -autem
1352 1221 1420 1264 nore
1443 1199 1485 1263 ab

311 1303 535 1391 Aphrodr'te“.
580 1302 719 1370 Similia
744 1315 863 1370 autem
889 1304 992 1370 docet
1016 1303 1172 1371 Isidorus
1196 1305 1216 1370 l.
1232 1325 1276 1372 c:
1302 1305 1484 1391 „Aprilem

311 1433 388 1477 vero
415 1412 513 1476 nullo
541 1412 678 1476 deorum
701 1433 839 1476 suorum
864 1412 1034 1477 nome'ne“.
1082 1411 1375 1498 insequentibus
1400 1434 1485 1478 vero

315 1516 512 1584 Macrobius
549 1517 691 1584 uberius
726 1517 870 1604 reliquis
899 1519 1067 1585 Varronis
1099 1518 1312 1586 senteutiam
1349 1520 1484 1606 probat,

312 1625 372 1691 sed
398 1625 458 1697 ita,
484 1626 583 1693 utin
607 1624 711 1691 rebus
735 1624 823 1691 nihil
848 1626 920 1692 fere
943 1626 1101 1692 dissonet
1117 1624 1162 1690 ab
1178 1625 1337 1692 omnium
1355 1635 1486 1693 cetero·

311 1753 389 1800 rum
419 1731 718 1819 interpretatione.
767 1735 818 1802 Ut
853 1732 974 1816 Lydus
1003 1733 1107 1814 enim,
1134 1732 1185 1798 sic
1209 1733 1422 1800 Censorinus
1445 1733 1482 1798 in

312 1834 409 1921 2211:
437 1840 518 1923 „sed
535 1839 577 1904 ab
599 1840 787 1925 upere'ende,
814 1840 906 1925 quod
926 1844 1009 1904 tunc
1019 1841 1136 1926 ferme
1151 1845 1275 1904 cuncte
1286 1841 1487 1926 gr'gnurrtur

312 1952 346 2012 et
372 1947 537 2011 nascendi
564 1947 717 2010 claustra
738 1945 873 2032 aperiat
895 1948 1054 2018 natura“,
1079 1945 1303 2032 maximeque
1328 1946 1484 2014 Isidorus

312 2054 331 2119 l.
357 2073 400 2118 c.:
430 2054 510 2135 „sed
535 2054 576 2118 de
604 2074 640 2118 re
665 2052 806 2140 propria
837 2074 937 2138 quam
964 2052 1128 2138 aperilem
1160 2053 1427 2118 nominaverunt
1448 2073 1485 2118 eo

314 2161 406 2245 quod
434 2164 517 2224 tunc
547 2180 688 2244 germen
717 2159 908 2245 plurimum
940 2157 1118 2246 eperr‘retur
1151 2160 1190 2222 r'rr
1214 2161 1372 2244 florem,
1411 2170 1482 2225 tam

217 2341 218 2344 Ἴ
313 2265 475 2332 similiter
509 2266 553 2332 de
585 2264 640 2330 his
664 2265 794 2352 Aprilis
832 2264 1037 2351 veriloquiis
1072 2279 1195 2350 agunt,
1229 2276 1268 2330 ut
1292 2287 1415 2332 omnes
1439 2267 1483 2330 ad

313 2394 422 2440 uuum
449 2373 669 2460 eundemque
693 2382 871 2440 auctorem
896 2372 1057 2438 recedere
1081 2372 1203 2457 negari
1221 2392 1306 2438 sane
1322 2383 1485 2460 nequeat,

313 2479 413 2546 cuius
436 2479 631 2547 doctrinam
656 2480 746 2546 alius
771 2479 873 2546 aliter
897 2479 1117 2565 excerpserit.

418 2585 487 2653 Sed
505 2585 711 2672 priusquam
728 2586 772 2651 ad
792 2585 875 2651 Maii
894 2585 1025 2651 mensis
1042 2585 1236 2672 veriloquia
1254 2598 1484 2668 transeamus,

316 2715 366 2776 ea,
400 2714 491 2778 quae
528 2693 650 2776 Lydus
685 2693 954 2779 Macrobiusque
990 2692 1034 2757 de
1060 2691 1187 2778 Aprilis
1223 2693 1323 2760 lestis
1358 2693 1484 2762 diebus

316 2801 503 2887 proierant,
526 2800 618 2866 inter
642 2822 679 2866 se
703 2800 934 2866 conferamus.
984 2799 1182 2865 Macrobius
1206 2799 1300 2866 enim
1317 2800 1353 2866 in
1373 2797 1482 2883 Ilua

316 2906 438 2975 Verrio
467 2917 557 2974 teste
582 2905 669 2972 nihil
694 2905 789 2972 aliud
815 2906 1029 2973 enarrationi
1055 2905 1212 2989 inseruit,
1236 2918 1483 2995 praeterquam

314 3016 405 3101 quod
431 3024 615 3084 matronas¹
635 3014 762 3082 Veneri
787 3035 926 3080 sacrum
950 3015 1076 3080 iecisse
1093 3013 1247 3098 explicat
1263 3015 1314 3080 sic
1330 3017 1485 3082 locut'us:

431 3211 584 3278 Macrob.
610 3208 725 3295 112‚n
1114 3211 1202 3295 Lyd.
1228 3213 1321 3293 lV‚ss

312 3359 383 3404 non
418 3347 535 3404 tamen
565 3345 675 3422 negat
699 3334 844 3403 Verrius
953 3359 986 3423 p.
1005 3333 1121 3417 119,ιο;
1145 3343 1221 3417 ταῖς
1235 3337 1344 3404 τοίνυν
1360 3337 1487 3404 Καλίν-

313 3443 460 3510 Flaccus
476 3443 543 3508 hoc
559 3442 616 3508 die
629 3452 752 3529 postea
766 3464 846 3508 con·
879 3519 881 3526 y
955 3447 1029 3523 δαίς
1062 3434 1252 3530 ’Λαριίίαις
1295 3441 1327 3511 αἱ
1369 3445 1485 3529 σεμναί

303 3549 847 3634 ·stitutum,utmatr'0naeVeneri
958 3557 1116 3642 γυναικῶν
1142 3542 1229 3641 ὑπὲρ
1252 3542 1408 3636 ὁμονοίας
1430 3551 1487 3618 καί
1512 3638 1514 3642 Ι

313 3677 448 3723 sacrum
478 3657 643 3738 iacerent,
671 3655 772 3722 cuius
794 3656 844 3722 rei
953 3659 1028 3745 βίον
1063 3657 1232 3748 σώφρονος
1266 3656 1388 3742 ἐτίμων
1426 3650 1487 3747 τὴν

314 3785 467 3844 cansam,
484 3763 567 3850 quia
584 3763 667 3828 huic
682 3762 759 3829 loco
773 3785 844 3830 non
954 3758 1172 3856 Ἀφροδίτην·
1198 3763 1231 3832 αἱ
1257 3765 1294 3832 δὲ
1316 3770 1374 3831 τοῦ
1399 3761 1488 3852 πλή-

314 3870 497 3951 convenit‚
549 3870 843 3955 praetereundum
955 3879 1038 3952 θονς
1073 3878 1220 3962 γυναῖκες
1254 3873 1289 3940 ἐν
1309 3877 1390 3962 Ιτοῖς
1421 3875 1488 3938 τῶν

316 3989 379 4060 est.
955 3969 1083 4064 ἀνδρῶν
1117 3978 1306 4064 βαλανείοις
1334 3976 1487 4046 intono

902 4091 907 4170 1
955 4081 1044 4171 πρὸς
1072 4085 1263 4172 θεραπείαν
1287 4077 1387 4174 αὐτῆς
1407 4111 1492 4171 μορ·

424 4304 448 4390 l)
472 4311 490 4366 l.
515 4327 541 4366 c.
566 4329 595 4385 p.
619 4307 671 4370 22.
