3398 4952
704 336 902 405 ..5-

222 553 308 622 satis
332 575 499 641 magnam
524 554 804 641 immensamque
826 575 944 622 rerum
967 554 1143 623 variarum
1161 555 1396 643 disparilium·

222 683 290 749 que
314 662 568 729 conlectionem
593 661 810 730 continuisse
833 662 904 728 iam
921 662 1034 750 primo
1051 662 1179 730 obtutu
1197 671 1397 750 cognoscet.

223 769 324 853 Quae
355 791 435 836 cum
464 768 515 837 ita
538 769 619 852 sint,
647 768 753 836 huius
777 768 897 856 scripti
927 770 1037 837 lector
1060 769 1225 856 perfacile
1248 769 1292 836 ad
1317 791 1395 837 eam

223 875 436 943 sententiam
460 875 715 964 progredietur,
740 885 780 944 ut
803 879 974 943 Ioannem
991 876 1193 944 universam
1210 876 1395 943 materiam

222 983 266 1049 ab
289 982 366 1070 ipso
389 992 643 1071 comportatam
668 983 706 1050 in
722 984 855 1051 malum
872 983 1031 1051 ordinem
1047 983 1228 1070 redegisse
1244 993 1394 1052 censeat.

221 1088 357 1157 Tamen
387 1091 529 1177 Lydum
559 1112 630 1157 non
659 1099 791 1159 temere
821 1090 887 1158 hos
910 1090 1017 1159 libros
1042 1089 1281 1178 composuisse
1305 1090 1394 1158 mihi

221 1198 389 1284 persuasi,
413 1219 483 1286 qua
506 1198 544 1264 in
567 1220 605 1265 re
628 1198 888 1286 comprobanda
912 1198 1074 1286 quaestio
1098 1198 1142 1266 ab
1166 1219 1207 1265 ea
1231 1219 1392 1285 requam

221 1303 288 1370 sibi
312 1304 451 1392 proprie
474 1313 674 1392 sumpserat
697 1305 865 1373 ordienda
889 1314 952 1373 est.

326 1414 401 1478 Iam
430 1434 514 1480 vero
544 1413 712 1500 quidnam
741 1411 967 1500 potissimum
990 1412 1028 1480 in
1060 1411 1159 1479 libris
1182 1411 1263 1501 περὶ
1285 1418 1394 1503 μηνῶν

221 1527 369 1585 tractare
391 1519 429 1585 in
454 1520 571 1586 animo
594 1519 766 1604 habuerit,
796 1520 941 1588 secundi
965 1518 1044 1586 libri
1067 1519 1171 1587 initio
1194 1519 1250 1587 his
1275 1519 1392 1588 verbis

221 1645 305 1692 usus
328 1626 375 1714 (p.
400 1623 467 1710 18,³
492 1626 558 1714 sq.)
582 1626 657 1714 ipse
679 1626 827 1694 indicat:

325 1722 505 1823 οἷναγκαῖόν
538 1759 597 1819 μοι
634 1737 732 1818 δοκεῖ,
772 1733 898 1822 inquit,
933 1732 1011 1822 περὶ
1038 1737 1103 1800 τῶν
1130 1738 1242 1824 μηνῶν
1271 1731 1390 1818 εἰπεῖν,

220 1831 302 1907 ὅθεν
334 1839 389 1906 καὶ
418 1833 516 1920 ὅπως
551 1836 612 1930 τὴν
635 1839 863 1932 προσηγορίαν
891 1831 999 1908 αὐτῶν
1021 1839 1158 1920 ἕκαστος
1182 1837 1306 1933 εἴληφε,
1335 1841 1392 1909 καὶ

219 1937 307 2033 ὅπερ
327 1937 408 2014 καθ’
424 1947 564 2016 ἕκαστον
579 1941 686 2016 αὐτῶν
701 1953 773 2028 τοῖς
788 1939 964 2034 Ῥωμαίοις
979 1944 1091 2015 πάλαι
1108 1946 1389 2039 νταρατετήρηται,

219 2043 280 2120 ὅσα
297 2078 332 2143 γε
355 2044 451 2143 ἡμεῖς
472 2055 592 2123 ἐκτῶν
614 2047 807 2141 Ῥωμαϊκῶν
822 2053 977 2144 ἱστοριῶν
991 2053 1265 2148 παρειλήφαμεν·
1300 2051 1392 2143 ντρός

217 2157 349 2242 τούτοις
375 2161 431 2228 καὶ
455 2161 534 2252 περὶ
558 2165 724 2254 διαφορᾶς
746 2161 795 2231 ἔτι
818 2161 984 2254 πρότερον
1006 2164 1170 2246 ἐνιαυτῶν,
1200 2159 1332 2230 αἰώνων
1353 2189 1390 2231 τε

218 2267 272 2335 καὶ
304 2259 428 2357 χρόνων
461 2269 518 2337 καὶ
554 2260 657 2361 ἀρχῆς
690 2262 826 2362 ἡμερῶν.
861 2271 991 2360 γένοιτο
1016 2265 1055 2338 ib
1077 2268 1133 2337 καὶ
1156 2273 1252 2337 τοῦτο
1277 2262 1392 2360 ὥσπερ

219 2366 346 2460 ἵδυσμά
368 2401 400 2443 τι
423 2382 498 2457 ταῖς
520 2383 586 2444 τῶν
609 2379 746 2446 πολλῶν
769 2367 894 2458 clavate.
905 2378 930 2466 ¹)

325 2482 381 2554 Ex
405 2483 461 2550 his
485 2484 602 2552 verbis
626 2484 781 2552 dilucide
806 2483 975 2572 sequitur,
999 2493 1040 2553 ut
1063 2484 1186 2570 Lydus
1209 2493 1321 2552 totam
1346 2487 1387 2552 αἰ

219 2590 418 2676 temporibus
433 2591 719 2680 explanationem
735 2591 772 2659 in
789 2592 906 2660 medio
922 2613 1052 2681 ponere
1068 2591 1230 2660 voluerit.
1262 2595 1389 2680 Itaque

217 2696 288 2764 iam
305 2698 461 2767 nascitur
476 2699 645 2787 quaestio,
666 2721 736 2788 qua
752 2699 890 2768 ratione
906 2721 991 2768 usus
1007 2700 1067 2767 ille
1083 2699 1152 2768 hoc
1167 2698 1388 2787 propositum

217 2805 416 2873 absolverit.
470 2807 574 2892 Quod
610 2815 650 2874 ut
684 2808 823 2895 plenius
859 2827 1129 2894 cognoscamus
1164 2806 1387 2893 singulorum

217 2911 383 2980 librorum
407 2912 563 2981 indolem
586 2914 799 3002 indagemus
822 2935 965 2982 necesse
989 2923 1052 2984 est.
1114 3001 1116 3005 ι

784 3076 815 3144 1.

322 3201 392 3269 Sed
420 3202 457 3268 in
488 3200 555 3268 hac
578 3201 856 3289 investigatione
880 3223 950 3289 qua
974 3200 1017 3267 de
1040 3219 1147 3267 eausa
1170 3199 1258 3266 liber
1281 3219 1386 3288 quem

215 3306 368 3396 primum
403 3327 587 3376 numerare
621 3311 776 3376 solemus
804 3332 825 3376 a
853 3307 954 3376 nobis
983 3307 1203 3393 neglegatur,
1238 3307 1386 3374 fortasse

216 3415 389 3503 quispiam
403 3416 629 3502 quaesiverit,
647 3416 704 3483 cui
717 3416 785 3484 hoc
796 3414 1081 3504 respondendum
1094 3414 1174 3482 erit:
1194 3417 1385 3502 Postquam

214 3523 480 3611 Wuenschius²)
503 3523 565 3590 filo
581 3532 769 3591 contextus
786 3531 925 3610 reperto
941 3523 1037 3590 hunc
1052 3521 1182 3588 librum
1199 3522 1386 3589 restituere

215 3638 362 3697 conatus
386 3639 449 3714 est,
473 3629 611 3716 Lydum
635 3629 672 3696 in
697 3651 738 3697 eo
763 3629 919 3718 exceptis
937 3629 1048 3696 tribus
1065 3627 1283 3697 brevissimis
1298 3626 1385 3694 locis

129 3755 131 3762 ’
217 3737 283 3820 [I,14
309 3741 353 3825 (p.
369 3733 535 3825 8,1⁴—ro);
558 3741 630 3822 I,1o;
655 3739 711 3821 I,1⁷
734 3737 781 3825 (p
797 3734 873 3822 9,1o;
897 3759 931 3826 p.
947 3733 1130 3822 10,10-1⁵)]
1154 3757 1224 3803 non
1241 3735 1284 3800 de
1301 3733 1384 3801 anni

215 3842 362 3912 historia
385 3844 512 3931 egisse,
537 3844 599 3911 sed
621 3867 641 3911 a
659 3844 768 3930 Lydis
785 3864 977 3932 eorumque
993 3842 1171 3930 mysteriis
1187 3842 1384 3930 proiectum

326 4041 350 4129 ¹)
374 4049 432 4105 hoc
456 4047 524 4104 libri
555 4047 676 4105 alterius
703 4047 904 4122 prooemium,
927 4047 1009 4123 quod
1033 4047 1072 4103 ab
1097 4063 1246 4121 anonymo
1271 4023 1384 4103 codicis

215 4135 246 4192 H
272 4145 396 4195 auctore
424 4143 575 4194 servatum
601 4143 655 4204 est,
683 4136 883 4196 Wuenschius
912 4138 932 4199 l.
958 4154 983 4195 c.
1006 4156 1036 4211 p.
1059 4135 1201 4193 XXXVII
1229 4152 1273 4210 sq.
1300 4133 1384 4191 iustis

215 4226 397 4307 argumentis
420 4225 581 4284 LaurentIo
606 4225 797 4284 adiudicavit.

323 4310 392 4398 2)1.
416 4333 442 4374 c.
465 4335 495 4391 p.
519 4314 673 4374 LXXVIII
697 4333 741 4392 sq.
