<?xml version="1.0" encoding="UTF-8"?>
<!DOCTYPE html PUBLIC "-//W3C//DTD XHTML 1.0 Transitional//EN"
    "http://www.w3.org/TR/xhtml1/DTD/xhtml1-transitional.dtd">
<html xmlns="http://www.w3.org/1999/xhtml" xml:lang="en" lang="en">
 <head>
  <title>
</title>
<meta http-equiv="Content-Type" content="text/html;charset=utf-8" />
  <meta name='ocr-system' content='tesseract 3.04.00' />
  <meta name='ocr-capabilities' content='ocr_page ocr_carea ocr_par ocr_line ocrx_word'/>
</head>
<body>
  <div class='ocr_page' id='page_1' title='image "./dejoannislauren00bluhgoog_0059.png"; bbox 0 0 3398 4952; ppageno 0'>
   <div class='ocr_carea' id='block_1_1' title="bbox 765 278 989 346">
    <p class='ocr_par' dir='ltr' id='par_1_1' title="bbox 765 278 989 346">
     <span class='ocr_line' id='line_1_1' title="bbox 765 278 989 346; baseline 0 -14"><span class='ocrx_word' id='word_1_1' title='bbox 765 278 989 346; x_wconf 66' lang='lat'>..48-</span> 
     </span>
    </p>
   </div>
   <div class='ocr_carea' id='block_1_2' title="bbox 292 490 1470 690">
    <p class='ocr_par' dir='ltr' id='par_1_2' title="bbox 292 490 1470 690">
     <span class='ocr_line' id='line_1_2' title="bbox 294 490 1470 580; baseline 0.003 -22"><span class='ocrx_word' id='word_1_2' title='bbox 294 490 497 579; x_wconf 87' lang='lat' dir='ltr'><strong>nuperrime</strong></span> <span class='ocrx_word' id='word_1_3' title='bbox 519 490 795 580; x_wconf 82' lang='lat' dir='ltr'><strong>Wuenschius1)</strong></span> <span class='ocrx_word' id='word_1_4' title='bbox 818 502 913 561; x_wconf 86' lang='lat' dir='ltr'><strong>recte</strong></span> <span class='ocrx_word' id='word_1_5' title='bbox 937 491 1122 575; x_wconf 83' lang='lat' dir='ltr'><strong>iudicavit3</strong></span> <span class='ocrx_word' id='word_1_6' title='bbox 1145 491 1214 560; x_wconf 92' lang='lat' dir='ltr'><strong>hoc</strong></span> <span class='ocrx_word' id='word_1_7' title='bbox 1238 502 1359 562; x_wconf 87' lang='lat' dir='ltr'><strong>autem</strong></span> <span class='ocrx_word' id='word_1_8' title='bbox 1376 493 1470 562; x_wconf 89' lang='lat' dir='ltr'><strong>idem</strong></span> 
     </span>
     <span class='ocr_line' id='line_1_3' title="bbox 292 597 1359 690; baseline 0 -23"><span class='ocrx_word' id='word_1_9' title='bbox 292 598 401 667; x_wconf 84' lang='lat' dir='ltr'><strong>etiam</strong></span> <span class='ocrx_word' id='word_1_10' title='bbox 425 597 470 665; x_wconf 88' lang='lat' dir='ltr'><strong>de</strong></span> <span class='ocrx_word' id='word_1_11' title='bbox 492 597 591 666; x_wconf 90' lang='lat' dir='ltr'><strong>libris</strong></span> <span class='ocrx_word' id='word_1_12' title='bbox 616 598 698 687; x_wconf 80' lang='grc' dir='ltr'><strong><em>περὶ</em></strong></span> <span class='ocrx_word' id='word_1_13' title='bbox 719 605 835 690; x_wconf 76' lang='grc' dir='ltr'><em>μηνῶν</em></span> <span class='ocrx_word' id='word_1_14' title='bbox 857 600 976 667; x_wconf 87' lang='lat' dir='ltr'><strong>valere</strong></span> <span class='ocrx_word' id='word_1_15' title='bbox 999 598 1139 667; x_wconf 86' lang='lat' dir='ltr'><strong>iuvabit</strong></span> <span class='ocrx_word' id='word_1_16' title='bbox 1160 598 1359 668; x_wconf 85' lang='lat' dir='ltr'><strong>inlustrare.</strong></span> 
     </span>
    </p>
   </div>
   <div class='ocr_carea' id='block_1_3' title="bbox 292 722 1471 1666">
    <p class='ocr_par' dir='ltr' id='par_1_3' title="bbox 292 722 1471 1666">
     <span class='ocr_line' id='line_1_4' title="bbox 399 722 1471 813; baseline 0.005 -24"><span class='ocrx_word' id='word_1_17' title='bbox 399 724 527 810; x_wconf 85' lang='lat' dir='ltr'>Neque</span> <span class='ocrx_word' id='word_1_18' title='bbox 538 743 753 812; x_wconf 80' lang='lat' dir='ltr'><strong>quemquam</strong></span> <span class='ocrx_word' id='word_1_19' title='bbox 766 733 854 813; x_wconf 89' lang='lat' dir='ltr'><strong>puto</strong></span> <span class='ocrx_word' id='word_1_20' title='bbox 866 723 994 808; x_wconf 85' lang='lat' dir='ltr'><strong>mirari,</strong></span> <span class='ocrx_word' id='word_1_21' title='bbox 1007 723 1101 812; x_wconf 89' lang='lat' dir='ltr'><strong>quod</strong></span> <span class='ocrx_word' id='word_1_22' title='bbox 1117 722 1155 790; x_wconf 92' lang='lat' dir='ltr'><strong>in</strong></span> <span class='ocrx_word' id='word_1_23' title='bbox 1167 723 1299 791; x_wconf 87' lang='lat' dir='ltr'><strong>talibus</strong></span> <span class='ocrx_word' id='word_1_24' title='bbox 1311 725 1471 794; x_wconf 84' lang='lat' dir='ltr'><strong>lontibus</strong></span> 
     </span>
     <span class='ocr_line' id='line_1_5' title="bbox 296 828 1469 920; baseline 0.003 -24"><span class='ocrx_word' id='word_1_25' title='bbox 296 828 533 898; x_wconf 78' lang='lat' dir='ltr'>describendis</span> <span class='ocrx_word' id='word_1_26' title='bbox 547 830 673 916; x_wconf 88' lang='lat' dir='ltr'><strong>Lydus</strong></span> <span class='ocrx_word' id='word_1_27' title='bbox 684 839 848 900; x_wconf 87' lang='lat' dir='ltr'><strong>versatus</strong></span> <span class='ocrx_word' id='word_1_28' title='bbox 859 839 923 916; x_wconf 84' lang='lat' dir='ltr'><strong>est,</strong></span> <span class='ocrx_word' id='word_1_29' title='bbox 938 831 968 898; x_wconf 93' lang='lat' dir='ltr'><strong>si</strong></span> <span class='ocrx_word' id='word_1_30' title='bbox 984 852 1105 899; x_wconf 88' lang='lat' dir='ltr'><strong>secum</strong></span> <span class='ocrx_word' id='word_1_31' title='bbox 1117 831 1347 920; x_wconf 75' lang='lat' dir='ltr'><strong>reputaverit,</strong></span> <span class='ocrx_word' id='word_1_32' title='bbox 1363 853 1469 919; x_wconf 91' lang='lat' dir='ltr'><strong>quarn</strong></span> 
     </span>
     <span class='ocr_line' id='line_1_6' title="bbox 293 936 1471 1026; baseline 0.003 -24"><span class='ocrx_word' id='word_1_33' title='bbox 293 957 464 1022; x_wconf 86' lang='lat' dir='ltr'><strong>magnam</strong></span> <span class='ocrx_word' id='word_1_34' title='bbox 481 937 650 1005; x_wconf 90' lang='lat' dir='ltr'><strong>materiae</strong></span> <span class='ocrx_word' id='word_1_35' title='bbox 666 936 805 1025; x_wconf 90' lang='lat' dir='ltr'><strong>copiam</strong></span> <span class='ocrx_word' id='word_1_36' title='bbox 822 960 867 1005; x_wconf 90' lang='lat' dir='ltr'><strong>ex</strong></span> <span class='ocrx_word' id='word_1_37' title='bbox 884 937 1048 1006; x_wconf 88' lang='lat' dir='ltr'><strong>omnibus</strong></span> <span class='ocrx_word' id='word_1_38' title='bbox 1064 937 1261 1006; x_wconf 89' lang='lat' dir='ltr'><strong>litterarum</strong></span> <span class='ocrx_word' id='word_1_39' title='bbox 1278 938 1471 1026; x_wconf 86' lang='lat' dir='ltr'><strong>provinciis</strong></span> 
     </span>
     <span class='ocr_line' id='line_1_7' title="bbox 294 1042 1470 1132; baseline 0.004 -23"><span class='ocrx_word' id='word_1_40' title='bbox 294 1042 520 1130; x_wconf 83' lang='lat' dir='ltr'><strong>desumptam</strong></span> <span class='ocrx_word' id='word_1_41' title='bbox 556 1043 593 1110; x_wconf 89' lang='lat' dir='ltr'><strong>in</strong></span> <span class='ocrx_word' id='word_1_42' title='bbox 629 1044 694 1112; x_wconf 89' lang='lat' dir='ltr'><strong>hos</strong></span> <span class='ocrx_word' id='word_1_43' title='bbox 728 1043 837 1112; x_wconf 89' lang='lat' dir='ltr'><strong>libros</strong></span> <span class='ocrx_word' id='word_1_44' title='bbox 872 1044 1098 1132; x_wconf 69' lang='lat' dir='ltr'><strong>congesserit</strong></span> <span class='ocrx_word' id='word_1_45' title='bbox 1145 1047 1239 1112; x_wconf 89' lang='lat' dir='ltr'><strong>Nam</strong></span> <span class='ocrx_word' id='word_1_46' title='bbox 1275 1066 1318 1113; x_wconf 88' lang='lat' dir='ltr'><strong>ea</strong></span> <span class='ocrx_word' id='word_1_47' title='bbox 1352 1045 1470 1114; x_wconf 88' lang='lat' dir='ltr'><strong>omnia</strong></span> 
     </span>
     <span class='ocr_line' id='line_1_8' title="bbox 294 1149 1470 1240; baseline -0.001 -19"><span class='ocrx_word' id='word_1_48' title='bbox 294 1149 526 1221; x_wconf 85' lang='lat' dir='ltr'><strong>Laurentium</strong></span> <span class='ocrx_word' id='word_1_49' title='bbox 551 1172 623 1218; x_wconf 93' lang='lat' dir='ltr'><strong>non</strong></span> <span class='ocrx_word' id='word_1_50' title='bbox 639 1150 757 1238; x_wconf 92' lang='lat' dir='ltr'><strong>ipsum</strong></span> <span class='ocrx_word' id='word_1_51' title='bbox 781 1151 940 1239; x_wconf 90' lang='lat' dir='ltr'><strong>potuisse</strong></span> <span class='ocrx_word' id='word_1_52' title='bbox 958 1151 1139 1238; x_wconf 87' lang='lat' dir='ltr'><strong>conligere</strong></span> <span class='ocrx_word' id='word_1_53' title='bbox 1163 1151 1220 1219; x_wconf 88' lang='lat' dir='ltr'><strong>vel</strong></span> <span class='ocrx_word' id='word_1_54' title='bbox 1241 1150 1324 1219; x_wconf 89' lang='lat' dir='ltr'><strong>inde</strong></span> <span class='ocrx_word' id='word_1_55' title='bbox 1346 1153 1470 1240; x_wconf 75' lang='lat' dir='ltr'><strong>elucet,</strong></span> 
     </span>
     <span class='ocr_line' id='line_1_9' title="bbox 293 1255 1469 1345; baseline 0.003 -22"><span class='ocrx_word' id='word_1_56' title='bbox 293 1256 388 1344; x_wconf 93' lang='lat' dir='ltr'><strong>quod</strong></span> <span class='ocrx_word' id='word_1_57' title='bbox 411 1255 512 1323; x_wconf 89' lang='lat' dir='ltr'><strong>illum</strong></span> <span class='ocrx_word' id='word_1_58' title='bbox 536 1256 607 1324; x_wconf 92' lang='lat' dir='ltr'><strong>iam</strong></span> <span class='ocrx_word' id='word_1_59' title='bbox 631 1268 799 1345; x_wconf 88' lang='lat' dir='ltr'><strong>provecta</strong></span> <span class='ocrx_word' id='word_1_60' title='bbox 823 1267 939 1325; x_wconf 88' lang='lat' dir='ltr'><strong>aetate</strong></span> <span class='ocrx_word' id='word_1_61' title='bbox 962 1256 1007 1324; x_wconf 91' lang='lat' dir='ltr'><strong>ad</strong></span> <span class='ocrx_word' id='word_1_62' title='bbox 1030 1257 1139 1325; x_wconf 88' lang='lat' dir='ltr'><strong>libros</strong></span> <span class='ocrx_word' id='word_1_63' title='bbox 1155 1257 1356 1326; x_wconf 92' lang='lat' dir='ltr'><strong>condendos</strong></span> <span class='ocrx_word' id='word_1_64' title='bbox 1371 1258 1469 1326; x_wconf 88' lang='lat' dir='ltr'><strong>incu-</strong></span> 
     </span>
     <span class='ocr_line' id='line_1_10' title="bbox 292 1362 1469 1454; baseline 0.003 -24"><span class='ocrx_word' id='word_1_65' title='bbox 292 1362 414 1430; x_wconf 88' lang='lat' dir='ltr'><strong>buisse</strong></span> <span class='ocrx_word' id='word_1_66' title='bbox 449 1363 659 1450; x_wconf 84' lang='lat' dir='ltr'><strong>accepimus,</strong></span> <span class='ocrx_word' id='word_1_67' title='bbox 694 1377 883 1454; x_wconf 88' lang='lat' dir='ltr'><strong>postquam</strong></span> <span class='ocrx_word' id='word_1_68' title='bbox 918 1386 981 1452; x_wconf 87' lang='lat' dir='ltr'><strong>per</strong></span> <span class='ocrx_word' id='word_1_69' title='bbox 1016 1386 1129 1432; x_wconf 89' lang='lat' dir='ltr'><strong>annos</strong></span> <span class='ocrx_word' id='word_1_70' title='bbox 1164 1364 1403 1452; x_wconf 85' lang='lat' dir='ltr'><strong>quadraginta</strong></span> <span class='ocrx_word' id='word_1_71' title='bbox 1432 1377 1469 1434; x_wconf 91' lang='lat' dir='ltr'><strong>et</strong></span> 
     </span>
     <span class='ocr_line' id='line_1_11' title="bbox 294 1470 1470 1560; baseline 0.005 -26"><span class='ocrx_word' id='word_1_72' title='bbox 294 1481 432 1557; x_wconf 87' lang='lat' dir='ltr'><strong>septem</strong></span> <span class='ocrx_word' id='word_1_73' title='bbox 460 1491 601 1540; x_wconf 86' lang='lat' dir='ltr'><strong>menses</strong></span> <span class='ocrx_word' id='word_1_74' title='bbox 631 1471 797 1558; x_wconf 88' lang='lat' dir='ltr'><strong>praelecti</strong></span> <span class='ocrx_word' id='word_1_75' title='bbox 826 1470 944 1538; x_wconf 85' lang='lat' dir='ltr'><strong>ollicio</strong></span> <span class='ocrx_word' id='word_1_76' title='bbox 971 1472 1115 1539; x_wconf 81' lang='lat' dir='ltr'><strong>iunctus</strong></span> <span class='ocrx_word' id='word_1_77' title='bbox 1143 1493 1297 1559; x_wconf 88' lang='lat' dir='ltr'><strong>semper,</strong></span> <span class='ocrx_word' id='word_1_78' title='bbox 1325 1481 1367 1539; x_wconf 92' lang='lat' dir='ltr'><strong>ut</strong></span> <span class='ocrx_word' id='word_1_79' title='bbox 1393 1471 1470 1560; x_wconf 86' lang='lat' dir='ltr'><strong>ipse</strong></span> 
     </span>
     <span class='ocr_line' id='line_1_12' title="bbox 295 1576 1325 1666; baseline 0.005 -24"><span class='ocrx_word' id='word_1_80' title='bbox 295 1576 510 1662; x_wconf 54' lang='lat' dir='ltr'><strong>gloriaturi,</strong></span> <span class='ocrx_word' id='word_1_81' title='bbox 534 1577 671 1645; x_wconf 88' lang='lat' dir='ltr'><strong>muneri</strong></span> <span class='ocrx_word' id='word_1_82' title='bbox 695 1600 838 1666; x_wconf 88' lang='lat' dir='ltr'><strong>operam</strong></span> <span class='ocrx_word' id='word_1_83' title='bbox 863 1577 1011 1646; x_wconf 92' lang='lat' dir='ltr'><strong>navavit</strong></span> <span class='ocrx_word' id='word_1_84' title='bbox 1033 1577 1325 1665; x_wconf 82' lang='lat' dir='ltr'><strong>impigerrimam.</strong></span> 
     </span>
    </p>
   </div>
   <div class='ocr_carea' id='block_1_4' title="bbox 863 1829 893 1896">
    <p class='ocr_par' dir='ltr' id='par_1_4' title="bbox 863 1829 893 1896">
     <span class='ocr_line' id='line_1_13' title="bbox 863 1829 893 1896; baseline 0.067 -2"><span class='ocrx_word' id='word_1_85' title='bbox 863 1829 893 1896; x_wconf 90' lang='lat'><strong>1.</strong></span> 
     </span>
    </p>
   </div>
   <div class='ocr_carea' id='block_1_5' title="bbox 293 1987 1471 3129">
    <p class='ocr_par' dir='ltr' id='par_1_5' title="bbox 293 1987 1471 3129">
     <span class='ocr_line' id='line_1_14' title="bbox 403 1987 1468 2077; baseline 0 -21"><span class='ocrx_word' id='word_1_86' title='bbox 403 1989 522 2076; x_wconf 91' lang='lat' dir='ltr'><strong>Atque</strong></span> <span class='ocrx_word' id='word_1_87' title='bbox 550 1987 657 2056; x_wconf 92' lang='lat' dir='ltr'><strong>huius</strong></span> <span class='ocrx_word' id='word_1_88' title='bbox 680 1989 731 2056; x_wconf 89' lang='lat' dir='ltr'><strong>rei</strong></span> <span class='ocrx_word' id='word_1_89' title='bbox 753 1989 1046 2058; x_wconf 86' lang='lat' dir='ltr'><strong>inlustrissimum</strong></span> <span class='ocrx_word' id='word_1_90' title='bbox 1070 1989 1240 2077; x_wconf 87' lang='lat' dir='ltr'><strong>praebent</strong></span> <span class='ocrx_word' id='word_1_91' title='bbox 1264 1990 1468 2076; x_wconf 88' lang='lat' dir='ltr'><strong>exemplum</strong></span> 
     </span>
     <span class='ocr_line' id='line_1_15' title="bbox 294 2094 1471 2184; baseline 0.001 -22"><span class='ocrx_word' id='word_1_92' title='bbox 294 2096 588 2184; x_wconf 88' lang='lat' dir='ltr'><strong>philosophorum</strong></span> <span class='ocrx_word' id='word_1_93' title='bbox 612 2106 774 2164; x_wconf 90' lang='lat' dir='ltr'><strong>veterum</strong></span> <span class='ocrx_word' id='word_1_94' title='bbox 791 2097 929 2184; x_wconf 86' lang='lat' dir='ltr'><strong>placita,</strong></span> <span class='ocrx_word' id='word_1_95' title='bbox 953 2118 1104 2184; x_wconf 89' lang='lat' dir='ltr'><strong>quorum</strong></span> <span class='ocrx_word' id='word_1_96' title='bbox 1122 2094 1285 2164; x_wconf 90' lang='lat' dir='ltr'><strong>notitiam</strong></span> <span class='ocrx_word' id='word_1_97' title='bbox 1303 2118 1375 2163; x_wconf 91' lang='lat' dir='ltr'><strong>non</strong></span> <span class='ocrx_word' id='word_1_98' title='bbox 1390 2117 1471 2163; x_wconf 90' lang='lat' dir='ltr'><strong>raro</strong></span> 
     </span>
     <span class='ocr_line' id='line_1_16' title="bbox 293 2202 1471 2290; baseline 0.001 -21"><span class='ocrx_word' id='word_1_99' title='bbox 293 2203 404 2271; x_wconf 90' lang='lat' dir='ltr'><strong>iactat</strong></span> <span class='ocrx_word' id='word_1_100' title='bbox 432 2204 554 2289; x_wconf 88' lang='lat' dir='ltr'><strong>Lydus</strong></span> <span class='ocrx_word' id='word_1_101' title='bbox 582 2203 621 2270; x_wconf 91' lang='lat' dir='ltr'><strong>in</strong></span> <span class='ocrx_word' id='word_1_102' title='bbox 648 2203 747 2270; x_wconf 91' lang='lat' dir='ltr'><strong>hisce</strong></span> <span class='ocrx_word' id='word_1_103' title='bbox 773 2202 884 2287; x_wconf 85' lang='lat' dir='ltr'><strong>libris3</strong></span> <span class='ocrx_word' id='word_1_104' title='bbox 914 2224 997 2270; x_wconf 90' lang='lat' dir='ltr'><strong>narn</strong></span> <span class='ocrx_word' id='word_1_105' title='bbox 1026 2202 1062 2271; x_wconf 91' lang='lat' dir='ltr'><strong>id</strong></span> <span class='ocrx_word' id='word_1_106' title='bbox 1091 2203 1184 2290; x_wconf 90' lang='lat' dir='ltr'><strong>quod</strong></span> <span class='ocrx_word' id='word_1_107' title='bbox 1214 2203 1274 2269; x_wconf 86' lang='lat' dir='ltr'><strong>ille</strong></span> <span class='ocrx_word' id='word_1_108' title='bbox 1296 2204 1404 2271; x_wconf 87' lang='lat' dir='ltr'><strong>relert</strong></span> <span class='ocrx_word' id='word_1_109' title='bbox 1425 2203 1471 2270; x_wconf 89' lang='lat' dir='ltr'><strong>de</strong></span> 
     </span>
     <span class='ocr_line' id='line_1_17' title="bbox 294 2307 1470 2400; baseline 0 -24"><span class='ocrx_word' id='word_1_110' title='bbox 294 2310 516 2378; x_wconf 89' lang='lat' dir='ltr'><strong>necessitatis</strong></span> <span class='ocrx_word' id='word_1_111' title='bbox 552 2320 678 2378; x_wconf 91' lang='lat' dir='ltr'><strong>natura</strong></span> <span class='ocrx_word' id='word_1_112' title='bbox 711 2311 749 2377; x_wconf 89' lang='lat' dir='ltr'><strong>in</strong></span> <span class='ocrx_word' id='word_1_113' title='bbox 784 2313 872 2396; x_wconf 81' lang='lat' dir='ltr'><strong>IV,sr</strong></span> <span class='ocrx_word' id='word_1_114' title='bbox 911 2308 960 2400; x_wconf 87' lang='lat' dir='ltr'><strong>(p.</strong></span> <span class='ocrx_word' id='word_1_115' title='bbox 985 2307 1222 2395; x_wconf 70' lang='lat'><strong>133‚0-134,2)</strong></span> <span class='ocrx_word' id='word_1_116' title='bbox 1257 2309 1302 2377; x_wconf 93' lang='lat' dir='ltr'><strong>ab</strong></span> <span class='ocrx_word' id='word_1_117' title='bbox 1327 2331 1369 2376; x_wconf 91' lang='lat' dir='ltr'><strong>eo</strong></span> <span class='ocrx_word' id='word_1_118' title='bbox 1391 2309 1470 2397; x_wconf 91' lang='lat' dir='ltr'><strong>ipso</strong></span> 
     </span>
     <span class='ocr_line' id='line_1_18' title="bbox 293 2415 1468 2505; baseline -0.002 -21"><span class='ocrx_word' id='word_1_119' title='bbox 293 2439 339 2484; x_wconf 87' lang='lat' dir='ltr'><strong>ex</strong></span> <span class='ocrx_word' id='word_1_120' title='bbox 362 2417 480 2502; x_wconf 88' lang='lat' dir='ltr'><strong>aliquo</strong></span> <span class='ocrx_word' id='word_1_121' title='bbox 504 2418 602 2486; x_wconf 82' lang='lat' dir='ltr'><strong>fonte</strong></span> <span class='ocrx_word' id='word_1_122' title='bbox 626 2440 698 2485; x_wconf 89' lang='lat' dir='ltr'><strong>uno</strong></span> <span class='ocrx_word' id='word_1_123' title='bbox 722 2428 844 2486; x_wconf 89' lang='lat' dir='ltr'><strong>tenore</strong></span> <span class='ocrx_word' id='word_1_124' title='bbox 867 2418 1117 2505; x_wconf 89' lang='lat' dir='ltr'><strong>depromptum</strong></span> <span class='ocrx_word' id='word_1_125' title='bbox 1142 2438 1218 2483; x_wconf 90' lang='lat' dir='ltr'><strong>esse</strong></span> <span class='ocrx_word' id='word_1_126' title='bbox 1241 2415 1396 2484; x_wconf 84' lang='lat' dir='ltr'><strong>dilucide</strong></span> <span class='ocrx_word' id='word_1_127' title='bbox 1412 2415 1468 2484; x_wconf 91' lang='lat' dir='ltr'><strong>ad·</strong></span> 
     </span>
     <span class='ocr_line' id='line_1_19' title="bbox 294 2523 1469 2612; baseline -0.002 -21"><span class='ocrx_word' id='word_1_128' title='bbox 294 2532 396 2612; x_wconf 88' lang='lat' dir='ltr'><strong>paret</strong></span> <span class='ocrx_word' id='word_1_129' title='bbox 423 2546 468 2591; x_wconf 90' lang='lat' dir='ltr'><strong>ex</strong></span> <span class='ocrx_word' id='word_1_130' title='bbox 497 2525 564 2591; x_wconf 93' lang='lat' dir='ltr'><strong>hoc</strong></span> <span class='ocrx_word' id='word_1_131' title='bbox 592 2525 670 2592; x_wconf 93' lang='lat' dir='ltr'><strong>loco</strong></span> <span class='ocrx_word' id='word_1_132' title='bbox 697 2547 778 2592; x_wconf 89' lang='lat' dir='ltr'><strong>cum</strong></span> <span class='ocrx_word' id='word_1_133' title='bbox 809 2523 989 2592; x_wconf 82' lang='lat' dir='ltr'><strong>Plutarchi</strong></span> <span class='ocrx_word' id='word_1_134' title='bbox 1017 2545 1109 2611; x_wconf 90' lang='lat' dir='ltr'><strong>quae</strong></span> <span class='ocrx_word' id='word_1_135' title='bbox 1136 2534 1285 2591; x_wconf 88' lang='lat' dir='ltr'><strong>vocatur</strong></span> <span class='ocrx_word' id='word_1_136' title='bbox 1314 2523 1469 2610; x_wconf 91' lang='lat' dir='ltr'><strong>epitoma</strong></span> 
     </span>
     <span class='ocr_line' id='line_1_20' title="bbox 294 2626 1470 2719; baseline 0 -22"><span class='ocrx_word' id='word_1_137' title='bbox 294 2626 371 2715; x_wconf 82' lang='lat'>1,26</span> <span class='ocrx_word' id='word_1_138' title='bbox 392 2653 442 2719; x_wconf 91' lang='lat' dir='ltr'><strong>sq.</strong></span> <span class='ocrx_word' id='word_1_139' title='bbox 458 2641 672 2718; x_wconf 88' lang='lat' dir='ltr'><strong>comparato.</strong></span> <span class='ocrx_word' id='word_1_140' title='bbox 719 2631 1015 2718; x_wconf 89' lang='lat' dir='ltr'><strong>Philosophorum</strong></span> <span class='ocrx_word' id='word_1_141' title='bbox 1040 2642 1158 2698; x_wconf 85' lang='lat' dir='ltr'><strong>autem</strong></span> <span class='ocrx_word' id='word_1_142' title='bbox 1176 2628 1308 2718; x_wconf 89' lang='lat' dir='ltr'><strong>placita</strong></span> <span class='ocrx_word' id='word_1_143' title='bbox 1323 2628 1360 2695; x_wconf 91' lang='lat' dir='ltr'><strong>in</strong></span> <span class='ocrx_word' id='word_1_144' title='bbox 1376 2639 1470 2697; x_wconf 90' lang='lat' dir='ltr'><strong>utro·</strong></span> 
     </span>
     <span class='ocr_line' id='line_1_21' title="bbox 295 2735 1469 2828; baseline -0.002 -22"><span class='ocrx_word' id='word_1_145' title='bbox 295 2760 363 2825; x_wconf 92' lang='lat' dir='ltr'><strong>que</strong></span> <span class='ocrx_word' id='word_1_146' title='bbox 401 2747 600 2806; x_wconf 89' lang='lat' dir='ltr'><strong>commento</strong></span> <span class='ocrx_word' id='word_1_147' title='bbox 636 2738 730 2824; x_wconf 91' lang='lat' dir='ltr'><strong>quod</strong></span> <span class='ocrx_word' id='word_1_148' title='bbox 765 2760 873 2828; x_wconf 90' lang='lat' dir='ltr'><strong>supra</strong></span> <span class='ocrx_word' id='word_1_149' title='bbox 901 2736 1151 2825; x_wconf 88' lang='lat' dir='ltr'><strong>descripsimus</strong></span> <span class='ocrx_word' id='word_1_150' title='bbox 1189 2737 1227 2803; x_wconf 91' lang='lat' dir='ltr'><strong>in</strong></span> <span class='ocrx_word' id='word_1_151' title='bbox 1263 2735 1469 2804; x_wconf 89' lang='lat' dir='ltr'><strong>universum</strong></span> 
     </span>
     <span class='ocr_line' id='line_1_22' title="bbox 294 2843 1469 2935; baseline 0 -23"><span class='ocrx_word' id='word_1_152' title='bbox 294 2846 338 2912; x_wconf 90' lang='lat' dir='ltr'><strong>ad</strong></span> <span class='ocrx_word' id='word_1_153' title='bbox 375 2867 535 2934; x_wconf 85' lang='lat' dir='ltr'><strong>unguem</strong></span> <span class='ocrx_word' id='word_1_154' title='bbox 571 2846 671 2932; x_wconf 87' lang='lat' dir='ltr'><strong>quasi</strong></span> <span class='ocrx_word' id='word_1_155' title='bbox 704 2845 798 2914; x_wconf 87' lang='lat' dir='ltr'><strong>inter</strong></span> <span class='ocrx_word' id='word_1_156' title='bbox 834 2867 873 2914; x_wconf 86' lang='lat' dir='ltr'><strong>se</strong></span> <span class='ocrx_word' id='word_1_157' title='bbox 903 2844 1104 2935; x_wconf 88' lang='lat' dir='ltr'><strong>conspirare</strong></span> <span class='ocrx_word' id='word_1_158' title='bbox 1128 2844 1301 2928; x_wconf 83' lang='lat' dir='ltr'><strong>videmus,</strong></span> <span class='ocrx_word' id='word_1_159' title='bbox 1329 2843 1469 2912; x_wconf 90' lang='lat' dir='ltr'><strong>etiarnsi</strong></span> 
     </span>
     <span class='ocr_line' id='line_1_23' title="bbox 294 2951 1470 3042; baseline -0.002 -22"><span class='ocrx_word' id='word_1_160' title='bbox 294 2952 389 3042; x_wconf 91' lang='lat' dir='ltr'><strong>apud</strong></span> <span class='ocrx_word' id='word_1_161' title='bbox 418 2952 557 3039; x_wconf 90' lang='lat' dir='ltr'><strong>Lydum</strong></span> <span class='ocrx_word' id='word_1_162' title='bbox 591 2975 861 3041; x_wconf 89' lang='lat' dir='ltr'><strong>nonnumquam</strong></span> <span class='ocrx_word' id='word_1_163' title='bbox 889 2964 1026 3020; x_wconf 88' lang='lat' dir='ltr'><strong>resecta</strong></span> <span class='ocrx_word' id='word_1_164' title='bbox 1052 2962 1088 3019; x_wconf 90' lang='lat' dir='ltr'><strong>et</strong></span> <span class='ocrx_word' id='word_1_165' title='bbox 1114 2951 1301 3039; x_wconf 88' lang='lat' dir='ltr'><strong>aliquoties</strong></span> <span class='ocrx_word' id='word_1_166' title='bbox 1330 2960 1470 3019; x_wconf 90' lang='lat' dir='ltr'><strong>mutata</strong></span> 
     </span>
     <span class='ocr_line' id='line_1_24' title="bbox 293 3059 665 3129; baseline 0.008 -3"><span class='ocrx_word' id='word_1_167' title='bbox 293 3059 524 3128; x_wconf 89' lang='lat' dir='ltr'><strong>inveniantur</strong></span> <span class='ocrx_word' id='word_1_168' title='bbox 546 3059 665 3129; x_wconf 87' lang='lat' dir='ltr'><strong>verba.</strong></span> 
     </span>
    </p>
   </div>
   <div class='ocr_carea' id='block_1_6' title="bbox 294 3183 1471 3897">
    <p class='ocr_par' dir='ltr' id='par_1_6' title="bbox 294 3183 1471 3897">
     <span class='ocr_line' id='line_1_25' title="bbox 402 3183 1470 3271; baseline -0.004 -18"><span class='ocrx_word' id='word_1_169' title='bbox 402 3189 480 3253; x_wconf 91' lang='lat' dir='ltr'><strong>Nec</strong></span> <span class='ocrx_word' id='word_1_170' title='bbox 501 3186 615 3254; x_wconf 90' lang='lat' dir='ltr'><strong>multo</strong></span> <span class='ocrx_word' id='word_1_171' title='bbox 639 3185 742 3255; x_wconf 85' lang='lat' dir='ltr'><strong>aliter</strong></span> <span class='ocrx_word' id='word_1_172' title='bbox 763 3208 838 3254; x_wconf 90' lang='lat' dir='ltr'><strong>rem</strong></span> <span class='ocrx_word' id='word_1_173' title='bbox 863 3207 901 3253; x_wconf 90' lang='lat' dir='ltr'><strong>se</strong></span> <span class='ocrx_word' id='word_1_174' title='bbox 924 3185 1054 3252; x_wconf 91' lang='lat' dir='ltr'><strong>habere</strong></span> <span class='ocrx_word' id='word_1_175' title='bbox 1075 3184 1119 3252; x_wconf 89' lang='lat' dir='ltr'><strong>de</strong></span> <span class='ocrx_word' id='word_1_176' title='bbox 1136 3183 1226 3267; x_wconf 91' lang='lat' dir='ltr'><strong>Lydi</strong></span> <span class='ocrx_word' id='word_1_177' title='bbox 1242 3183 1470 3271; x_wconf 85' lang='lat' dir='ltr'><strong>paragrapho</strong></span> 
     </span>
     <span class='ocr_line' id='line_1_26' title="bbox 295 3289 1469 3382; baseline -0.003 -22"><span class='ocrx_word' id='word_1_178' title='bbox 295 3295 389 3372; x_wconf 77' lang='lat' dir='ltr'><strong>IV‚sa</strong></span> <span class='ocrx_word' id='word_1_179' title='bbox 419 3293 468 3382; x_wconf 90' lang='lat' dir='ltr'><strong>(p.</strong></span> <span class='ocrx_word' id='word_1_180' title='bbox 489 3289 670 3381; x_wconf 58' lang='lat' dir='ltr'><strong>13hs-2o)</strong></span> <span class='ocrx_word' id='word_1_181' title='bbox 699 3295 756 3362; x_wconf 94' lang='lat' dir='ltr'><strong>vel</strong></span> <span class='ocrx_word' id='word_1_182' title='bbox 778 3293 864 3361; x_wconf 86' lang='lat' dir='ltr'><strong>inde</strong></span> <span class='ocrx_word' id='word_1_183' title='bbox 887 3293 1011 3376; x_wconf 69' lang='lat' dir='ltr'><strong>elucet</strong></span> <span class='ocrx_word' id='word_1_184' title='bbox 1036 3290 1129 3378; x_wconf 91' lang='lat' dir='ltr'><strong>quod</strong></span> <span class='ocrx_word' id='word_1_185' title='bbox 1152 3290 1211 3357; x_wconf 93' lang='lat' dir='ltr'><strong>hic</strong></span> <span class='ocrx_word' id='word_1_186' title='bbox 1232 3290 1332 3358; x_wconf 88' lang='lat' dir='ltr'><strong>loeus</strong></span> <span class='ocrx_word' id='word_1_187' title='bbox 1354 3311 1469 3377; x_wconf 88' lang='lat' dir='ltr'><strong>paene</strong></span> 
     </span>
     <span class='ocr_line' id='line_1_27' title="bbox 296 3394 1469 3488; baseline -0.004 -20"><span class='ocrx_word' id='word_1_188' title='bbox 296 3400 341 3468; x_wconf 90' lang='lat' dir='ltr'><strong>ad</strong></span> <span class='ocrx_word' id='word_1_189' title='bbox 377 3399 525 3468; x_wconf 89' lang='lat' dir='ltr'><strong>verbum</strong></span> <span class='ocrx_word' id='word_1_190' title='bbox 562 3401 728 3488; x_wconf 86' lang='lat' dir='ltr'><strong>congruit</strong></span> <span class='ocrx_word' id='word_1_191' title='bbox 762 3422 842 3467; x_wconf 88' lang='lat' dir='ltr'><strong>cum</strong></span> <span class='ocrx_word' id='word_1_192' title='bbox 868 3400 960 3466; x_wconf 90' lang='lat' dir='ltr'><strong>Plut.</strong></span> <span class='ocrx_word' id='word_1_193' title='bbox 989 3394 1188 3487; x_wconf 81' lang='lat' dir='ltr'><strong>ep.111‚17,</strong></span> <span class='ocrx_word' id='word_1_194' title='bbox 1222 3406 1469 3484; x_wconf 87' lang='lat' dir='ltr'><strong>praeterquam</strong></span> 
     </span>
     <span class='ocr_line' id='line_1_28' title="bbox 294 3493 1471 3595; baseline -0.003 -21"><span class='ocrx_word' id='word_1_195' title='bbox 294 3507 389 3595; x_wconf 93' lang='lat' dir='ltr'><strong>quod</strong></span> <span class='ocrx_word' id='word_1_196' title='bbox 412 3507 501 3574; x_wconf 91' lang='lat' dir='ltr'><strong>haec</strong></span> <span class='ocrx_word' id='word_1_197' title='bbox 524 3507 675 3592; x_wconf 89' lang='lat' dir='ltr'><strong>quaein</strong></span> <span class='ocrx_word' id='word_1_198' title='bbox 698 3505 865 3593; x_wconf 89' lang='lat' dir='ltr'><strong>Lydiano</strong></span> <span class='ocrx_word' id='word_1_199' title='bbox 887 3507 965 3573; x_wconf 92' lang='lat' dir='ltr'><strong>loco</strong></span> <span class='ocrx_word' id='word_1_200' title='bbox 988 3526 1023 3592; x_wconf 92' lang='lat' dir='ltr'><strong>p.</strong></span> <span class='ocrx_word' id='word_1_201' title='bbox 1045 3502 1168 3590; x_wconf 71' lang='lat' dir='ltr'><strong>134,1s:</strong></span> <span class='ocrx_word' id='word_1_202' title='bbox 1191 3495 1230 3570; x_wconf 79' lang='lat' dir='ltr'><strong>sd</strong></span> <span class='ocrx_word' id='word_1_203' title='bbox 1247 3493 1328 3570; x_wconf 76' lang='lat' dir='ltr'><strong>oriri</strong></span> <span class='ocrx_word' id='word_1_204' title='bbox 1353 3501 1471 3570; x_wconf 81' lang='grc' dir='ltr'><strong><em>δὲκαὶ</em></strong></span> 
     </span>
     <span class='ocr_line' id='line_1_29' title="bbox 295 3604 1466 3704; baseline -0.006 -22"><span class='ocrx_word' id='word_1_205' title='bbox 295 3611 328 3684; x_wconf 85' lang='lat' dir='ltr'><strong>oi</strong></span> <span class='ocrx_word' id='word_1_206' title='bbox 363 3607 459 3704; x_wconf 77' lang='grc' dir='ltr'><strong><em>παρὰ</em></strong></span> <span class='ocrx_word' id='word_1_207' title='bbox 497 3604 674 3699; x_wconf 77' lang='grc' dir='ltr'><strong><em>Ῥωμαίοις</em></strong></span> <span class='ocrx_word' id='word_1_208' title='bbox 704 3616 968 3704; x_wconf 69' lang='grc' dir='ltr'><strong><em>φιλοσοφοῦντες</em></strong></span> <span class='ocrx_word' id='word_1_209' title='bbox 1001 3612 1095 3699; x_wconf 89' lang='lat' dir='ltr'><strong>apud</strong></span> <span class='ocrx_word' id='word_1_210' title='bbox 1133 3609 1360 3679; x_wconf 89' lang='lat' dir='ltr'><strong>Plutarchum</strong></span> <span class='ocrx_word' id='word_1_211' title='bbox 1396 3631 1466 3676; x_wconf 91' lang='lat' dir='ltr'><strong>non</strong></span> 
     </span>
     <span class='ocr_line' id='line_1_30' title="bbox 294 3716 1471 3810; baseline -0.004 -22"><span class='ocrx_word' id='word_1_212' title='bbox 294 3723 480 3810; x_wconf 84' lang='lat' dir='ltr'><strong>leguntur,</strong></span> <span class='ocrx_word' id='word_1_213' title='bbox 519 3730 561 3792; x_wconf 91' lang='lat' dir='ltr'><strong>ut</strong></span> <span class='ocrx_word' id='word_1_214' title='bbox 599 3743 644 3788; x_wconf 86' lang='lat' dir='ltr'><strong>ex</strong></span> <span class='ocrx_word' id='word_1_215' title='bbox 678 3721 804 3789; x_wconf 91' lang='lat' dir='ltr'><strong>horum</strong></span> <span class='ocrx_word' id='word_1_216' title='bbox 844 3721 1001 3787; x_wconf 89' lang='lat' dir='ltr'><strong>locorum</strong></span> <span class='ocrx_word' id='word_1_217' title='bbox 1043 3716 1305 3806; x_wconf 89' lang='lat' dir='ltr'><strong>comparatione</strong></span> <span class='ocrx_word' id='word_1_218' title='bbox 1341 3738 1471 3802; x_wconf 85' lang='lat' dir='ltr'><strong>cogno·</strong></span> 
     </span>
     <span class='ocr_line' id='line_1_31' title="bbox 295 3828 495 3897; baseline 0 -2"><span class='ocrx_word' id='word_1_219' title='bbox 295 3850 374 3896; x_wconf 84' lang='lat' dir='ltr'><strong>scas</strong></span> <span class='ocrx_word' id='word_1_220' title='bbox 396 3828 495 3897; x_wconf 90' lang='lat' dir='ltr'><strong>licet:</strong></span> 
     </span>
    </p>
   </div>
   <div class='ocr_carea' id='block_1_7' title="bbox 401 4115 1050 4203">
    <p class='ocr_par' dir='ltr' id='par_1_7' title="bbox 401 4115 1050 4203">
     <span class='ocr_line' id='line_1_32' title="bbox 401 4115 1050 4203; baseline -0.015 -18"><span class='ocrx_word' id='word_1_221' title='bbox 401 4115 431 4203; x_wconf 23' lang='lat'><strong>¹¹)</strong></span> <span class='ocrx_word' id='word_1_222' title='bbox 454 4120 485 4178; x_wconf 89' lang='lat' dir='ltr'><strong>in</strong></span> <span class='ocrx_word' id='word_1_223' title='bbox 508 4120 602 4197; x_wconf 84' lang='lat' dir='ltr'><strong>prael.</strong></span> <span class='ocrx_word' id='word_1_224' title='bbox 626 4121 674 4179; x_wconf 90' lang='lat' dir='ltr'><strong>ed.</strong></span> <span class='ocrx_word' id='word_1_225' title='bbox 697 4116 739 4181; x_wconf 81' lang='lat' dir='ltr'><strong>de</strong></span> <span class='ocrx_word' id='word_1_226' title='bbox 761 4137 847 4201; x_wconf 77' lang='lat' dir='ltr'><strong>mag.</strong></span> <span class='ocrx_word' id='word_1_227' title='bbox 870 4139 900 4195; x_wconf 91' lang='lat' dir='ltr'><strong>p.</strong></span> <span class='ocrx_word' id='word_1_228' title='bbox 923 4115 982 4177; x_wconf 90' lang='lat' dir='ltr'><strong>XL</strong></span> <span class='ocrx_word' id='word_1_229' title='bbox 1005 4135 1050 4194; x_wconf 89' lang='lat' dir='ltr'><strong>sq.</strong></span> 
     </span>
    </p>
   </div>
   <div class='ocr_carea' id='block_1_8' title="bbox 404 4241 1207 4329">
    <p class='ocr_par' dir='ltr' id='par_1_8' title="bbox 404 4241 1207 4329">
     <span class='ocr_line' id='line_1_33' title="bbox 404 4241 1207 4329; baseline -0.002 -25"><span class='ocrx_word' id='word_1_230' title='bbox 404 4242 432 4329; x_wconf 85' lang='lat'><strong>²)</strong></span> <span class='ocrx_word' id='word_1_231' title='bbox 453 4246 558 4306; x_wconf 82' lang='lat' dir='ltr'><strong>videas</strong></span> <span class='ocrx_word' id='word_1_232' title='bbox 580 4245 697 4322; x_wconf 87' lang='lat' dir='ltr'><strong>Lydum</strong></span> <span class='ocrx_word' id='word_1_233' title='bbox 721 4246 751 4303; x_wconf 90' lang='lat' dir='ltr'><strong>in</strong></span> <span class='ocrx_word' id='word_1_234' title='bbox 774 4245 858 4303; x_wconf 85' lang='lat' dir='ltr'><strong>libris</strong></span> <span class='ocrx_word' id='word_1_235' title='bbox 882 4241 923 4305; x_wconf 85' lang='lat' dir='ltr'><strong>de</strong></span> <span class='ocrx_word' id='word_1_236' title='bbox 945 4260 1033 4325; x_wconf 66' lang='lat' dir='ltr'><strong>mag.</strong></span> <span class='ocrx_word' id='word_1_237' title='bbox 1055 4242 1136 4312; x_wconf 70' lang='lat' dir='ltr'><strong>Illas</strong></span> <span class='ocrx_word' id='word_1_238' title='bbox 1161 4260 1207 4318; x_wconf 81' lang='lat' dir='ltr'><strong>sq.</strong></span> 
     </span>
    </p>
   </div>
   <div class='ocr_carea' id='block_1_9' title="bbox 0 0 1704 4952">
    <p class='ocr_par' dir='ltr' id='par_1_9' title="bbox 0 0 1704 4952">
     <span class='ocr_line' id='line_1_34' title="bbox 0 0 1704 4952; baseline 0 0"><span class='ocrx_word' id='word_1_239' title='bbox 0 0 1704 4952; x_wconf 95' lang='lat' dir='ltr'><strong> </strong></span> 
     </span>
    </p>
   </div>
  </div>
 </body>
</html>
