3418 4954
736 313 781 328 -
827 270 871 342 w
918 314 959 328 -

263 489 462 581 φθέγξαιτο,
487 488 570 577 πρὶν
594 483 635 557 ἐν
657 496 718 580 τῆς
740 495 800 581 γῆς

265 595 453 690 ἐφάψαιτο,
488 589 573 665 ὥστε
600 600 717 665 Μαῖαν
750 594 800 678 εἰς

267 710 326 796 γῆν
363 705 471 784 καλῶς
508 700 728 789 ἐξελάμβανον
766 700 798 772 οἱ

268 809 400 880 πολλοί.
430 810 488 878 καὶ
515 800 597 878 καθ’
625 810 734 899 ἕτερον
761 811 799 879 δέ

267 911 357 1007 ἱερὸν
401 915 500 1008 λόγον
546 908 564 986 o‘
605 915 799 1008 Φοννὴἵος

265 1031 382 1116 χρῆναι
424 1031 596 1110 τιμᾶσθαι
633 1017 694 1116 τὴν
739 1031 799 1117 γῆν

267 1133 302 1202 ἐν
335 1137 410 1212 ταῖς
449 1132 634 1213 Καλὲνδαις
667 1134 799 1214 Malous·

266 1239 366 1329 λέγει,
384 1231 436 1306 ὅτι
447 1234 507 1328 τὴν
517 1237 661 1330 ἔμφυτον
672 1239 800 1332 θέρμην

266 1346 328 1414 ἐπὶ
373 1341 434 1436 τὴν
471 1343 674 1436 ἐπιφάνειαν
707 1339 728 1436 ἦ
757 1353 797 1439 γῆ

267 1444 496 1541 ἅναβράζοοσα
528 1459 659 1542 γαυριᾶν
686 1445 800 1543 ὥσπερ

266 1560 322 1628 καὶ
339 1566 472 1648 σκιρτᾶν
486 1560 665 1652 ἐξαγομένη
679 1558 800 1642 σάλους

266 1665 403 1752 ἐμποιεῖ
426 1658 472 1747 ὥς
494 1666 628 1735 ἐπίπαν
642 1661 728 1736 κατὰ
743 1664 800 1736 τὸν

267 1773 383 1844 Μάϊον
392 1781 489 1867 μῆνα.
501 1781 640 1861 τιμῶσιν
648 1767 704 1844 οὖν
713 1769 799 1843 κατὰ

266 1889 384 1950 τοῦτον
406 1878 465 1972 τήν
494 1888 618 1966 Μαῖαν,
652 1882 799 1951 τοονέονι

262 1984 326 2081 τὴν
348 1996 410 2081 γῆν
432 1988 686 2078 θεραπεύοντες.

908 491 1114 574 celebratur,
1130 498 1259 558 terra-m
1280 490 1445 558 essehoc

907 597 1073 686 adeptam
1104 617 1234 663 nomen
1258 618 1279 663 a
1302 597 1444 684 magni-

908 703 1046 788 tudine,
1096 703 1189 770 sicut
1238 714 1275 772 et
1325 707 1440 771 Mater

907 811 1041 897 Magna
1076 809 1113 876 in
1144 809 1253 877 sacris
1282 822 1445 897 vocatur,

907 917 1215 1005 adsertionemque
1248 917 1445 986 aestimati-

907 1023 985 1090 onis
1008 1045 1094 1091 suae
1119 1025 1224 1091 etiam
1247 1023 1330 1091 hinc
1346 1027 1445 1093 colli·

908 1140 1001 1216 gunt
1028 1131 1123 1219 qnod
1150 1153 1210 1198 sus
1237 1154 1445 1219 praegnans

908 1237 939 1304 ei
975 1247 1163 1321 mactatur,
1198 1261 1289 1326 quae
1323 1241 1443 1308 hostia

906 1345 1048 1431 propria
1059 1355 1114 1412 est
1126 1356 1250 1415 terrae.
1268 1345 1445 1416 etMercu·

906 1451 999 1519 rium
1023 1451 1103 1519 ideo
1127 1452 1178 1547 illi
1202 1453 1239 1519 in
1257 1454 1365 1521 sacris
1382 1456 1443 1521 ad·

907 1558 1009 1645 iungi
1026 1559 1157 1644 dicunt,
1174 1560 1258 1648 quia
1286 1584 1356 1629 vox
1381 1585 1444 1628 na·

907 1665 1019 1732 scenti
1056 1666 1192 1734 homini
1223 1677 1338 1735 terrae
1362 1691 1445 1736 con·

908 1784 1005 1841 tactu
1030 1774 1147 1841 datur:
1171 1775 1302 1842 scimus
1319 1787 1440 1846 autem

908 1879 1119 1948 Mercurium
1162 1882 1259 1950 vocis
1298 1893 1335 1950 et
1372 1905 1445 1950 ser·

908 1989 1025 2055 monis
1037 1999 1229 2076 potentem.
1247 1999 1370 2059 auctor
1386 2001 1444 2058 est

910 2096 1134 2163 Cornelius
1172 2095 1310 2165 Labeo
1355 2097 1441 2164 huic

910 2205 1035 2287 Maiae,
1050 2203 1085 2270 id
1103 2215 1158 2271 est
1174 2218 1298 2289 terrae,
1314 2207 1441 2274 aedem

910 2311 1082 2378 Kalendis
1105 2310 1206 2378 Maiis
1229 2312 1439 2381 dedicatam.

375 2524 579 2590 Nonnullae
621 2524 744 2590 horum
787 2525 944 2591 locorum
984 2525 1237 2613 explicationes
1276 2526 1368 2594 inter
1401 2549 1443 2594 se

268 2629 507 2712 consentiunt,
535 2629 597 2696 sed
625 2639 662 2697 et
688 2630 833 2698 nomina
862 2641 1046 2699 auctorum
1075 2632 1262 2699 citatorum
1292 2643 1327 2700 et
1356 2656 1443 2700 non·

268 2736 367 2802 nulla
390 2736 521 2823 placita
546 2746 618 2803 tam
643 2737 783 2805 diversa
806 2748 900 2821 sunt,
924 2750 965 2806 ut
988 2739 1145 2806 eiusdem
1170 2750 1343 2807 tractatus
1359 2763 1443 2828 apo-

268 2844 405 2931 grapha
434 2865 509 2910 esse
538 2855 728 2930 nequeant,
757 2844 896 2912 etiamsi
925 2856 1046 2933 aperte
1075 2847 1181 2913 unius
1210 2847 1442 2935 eiusdemque

255 2950 387 3019 -Latini
412 2951 566 3018 auctoris
590 2951 708 3018 ultimi
731 2951 887 3038 vestigia
910 2974 994 3039 prae
1017 2975 1056 3020 se
1078 2954 1202 3021 lerant.
1241 2953 1331 3038 Quis
1355 2976 1442 3022 vero

267 3068 321 3125 est
336 3058 396 3124 ille
412 3058 561 3145 scriptor
578 3061 771 3143 Romanus,
787 3058 889 3126 cuius
905 3059 1102 3127 doctrinam
1120 3061 1242 3146 Lydus
1260 3061 1446 3128 venditat?

161 3169 165 3178 '
268 3167 349 3250 Qua
383 3165 421 3232 in
456 3187 493 3233 re
528 3165 753 3233 diiudicanda
777 3167 872 3254 quod
895 3189 1018 3233 omnes
1042 3167 1114 3234 lere
1138 3167 1203 3235 viri
1229 3167 1323 3235 docti
1347 3168 1440 3235 inter

267 3296 306 3339 se
330 3274 554 3357 concordant,
578 3275 683 3342 valde
706 3275 855 3360 gaudeo.
880 3275 1024 3345 Etenim
1047 3287 1236 3364 postquam
1260 3276 1444 3360 Georgius

269 3380 440 3449 Wissowa
450 3381 483 3468 ¹),
504 3390 587 3448 ante
603 3403 708 3468 quem
723 3381 795 3470 iam
813 3384 838 3449 I.
857 3382 911 3448 Fr.
928 3382 1094 3450 Schultze
1102 3384 1128 3466 ²)
1142 3383 1256 3450 obiter
1272 3383 1442 3451 breviter·

269 3509 338 3575 que
373 3487 481 3554 huius
514 3487 565 3554 rei
601 3488 818 3555 mentionem
853 3489 945 3573 lecit,
980 3490 1024 3556 ad
1049 3511 1126 3556 eam
1155 3512 1245 3577 quae
1271 3484 1326 3557 est
1348 3491 1444 3557 inter

268 3594 359 3680 Lydi
389 3605 425 3662 et
449 3594 617 3661 Macrobii
642 3595 901 3684 disputationes
925 3596 1144 3682 theologicas
1168 3597 1439 3663 similitudinem

266 3702 452 3770 hominum
476 3702 660 3769 doctorum
685 3702 821 3769 animos
838 3705 1006 3787 attendit,
1026 3704 1210 3790 Kahlius³)
1234 3705 1442 3771 adcuratam

265 3811 311 3878 de
344 3811 413 3878 hoc
446 3819 619 3876 concentu
653 3809 935 3897 disquisitionem
970 3811 1014 3878 ad
1049 3811 1145 3879 hunc
1171 3811 1304 3879 iustum
1329 3811 1441 3878 linem

264 3957 481 3968 *-

378 4049 403 4128 ¹)
427 4051 446 4108 l.
469 4068 496 4108 c.
518 4068 548 4125 p.
572 4047 624 4108 42.

375 4137 399 4216 ²)
424 4140 444 4200 l.
468 4157 495 4203 c.
519 4158 549 4214 p.
573 4137 625 4200 39.

376 4223 403 4310 ³)
426 4229 456 4286 in
479 4227 625 4304 Philologi
647 4229 705 4287 vol.
729 4229 825 4306 suppl.
849 4228 876 4285 V
899 4249 929 4304 p.
953 4227 1017 4289 740
1042 4248 1086 4306 sq.
