3418 4954
772 321 995 392 ..85...

296 559 418 625 pressa
445 559 522 604 esse
550 559 657 606 nemo
679 537 814 607 infitias
837 538 942 626 ibit1),
965 541 1026 608 sed
1050 561 1132 608 eum
1156 542 1202 608 ab
1225 541 1304 610 aliis
1328 556 1479 636 accepta

294 644 475 714 rettulisse
499 665 622 712 omnes
645 647 850 715 concedent.
898 647 1001 731 Quae
1023 668 1105 715 cum
1122 647 1173 717 ita
1188 648 1270 732 sint,
1293 649 1360 718 viri
1376 653 1478 722 docti

296 753 367 820 iam
402 751 543 839 saepius
578 751 805 838 indagarunt,
829 753 886 821 cui
910 760 1043 823 auctori
1068 753 1190 841 Lydus
1213 755 1358 826 deberet
1380 759 1477 828 hanc

295 860 502 928 doctrinam.
549 861 708 944 Quorum
726 860 824 943 alter,
848 863 875 929 1.
894 859 1108 931 Fridericum
1128 860 1291 930 Schultze
1311 864 1398 950 dico,
1421 866 1476 938 sic¹

296 967 479 1052 iudicat²):
507 967 651 1054 „Lydus
672 966 879 1054 compilavit
894 966 1132 1054 expositiones
1148 968 1288 1038 serioris
1305 973 1476 1059 temporis

296 1097 388 1162 quae
400 1076 523 1142 doctas
535 1074 926 1161 priorum-saeculorum
939 1073 1205 1161 disquisitiones
1217 1097 1280 1163 per
1292 1077 1471 1165 epitomen

295 1182 676 1269 comprehenderunt“;
720 1182 818 1265 alter,
865 1181 1231 1261 Reifferscheidium³r
1276 1184 1364 1265 dico,
1410 1187 1472 1273 qui

295 1289 467 1357 laudabili
485 1309 592 1376 opera
608 1288 729 1356 omnia
744 1288 908 1358 Suetonii
925 1289 1126 1375 iragmenta
1142 1291 1307 1377 conlegit,
1330 1289 1469 1377 Lydum

298 1397 456 1485 appellat
471 1395 634 1464 Suetonii
659 1394 934 1486 compilatorem,
958 1396 1164 1482 praesertim
1189 1418 1269 1465 cum
1294 1420 1470 1486 nusquam

292 1503 331 1570 in
345 1503 400 1570 his
414 1503 583 1588 Lydianis
595 1501 694 1570 libris
707 1501 783 1570 eius
795 1523 924 1569 nomen
937 1501 1152 1571 inveniatur.
1165 1503 1264 1588 Quas
1274 1505 1472 1578 sententias

295 1620 438 1680 secutus
462 1610 640 1697 Georgius
664 1609 880 1693 wissowao,
903 1609 964 1696 qui
988 1609 1033 1679 de
1054 1610 1289 1678 Macrobiauis
1313 1613 1471 1683 lontibus

294 1739 409 1803 agens
424 1717 516 1784 hanc
532 1716 774 1804 quaestionem
791 1715 914 1804 paucis
930 1715 1048 1784 verbis
1064 1716 1194 1803 tetigit,
1218 1717 1471 1790 animadvertit

295 1836 515 1908 concentum,
544 1825 604 1912 qui
634 1824 727 1892 inter
754 1823 895 1909 Lydum
927 1833 964 1891 et
992 1823 1160 1892 Macrobii
1183 1824 1467 1894 saturnaliorum

293 1929 502 2002 1.,112-16
530 1930 724 2014 intercedit,
759 1953 850 2019 quae
873 1931 933 1998 ille
961 1953 980 1998 e
1003 1931 1164 1999 Suetonii
1196 1931 1286 1998 libro
1315 1934 1357 1998 de
1378 1955 1473 2000 anno

293 2043 528 2106 Ronmnorum
551 2038 698 2106 fluxisse
720 2038 1021 2121 demonstravit⁵);
1044 2060 1148 2126 quem
1173 2049 1384 2106 concentum
1409 2040 1469 2108 ille

293 2148 344 2214 ita
384 2147 614 2233 expediebat,
657 2155 697 2212 ut
735 2167 756 2212 a
792 2144 894 2230 Lydo
932 2145 968 2211 in
1008 2145 1289 2232 expositionibus
1328 2147 1471 2214 serioris

295 2253 465 2341 temporis
479 2261 646 2340 excerpta
657 2251 753 2320 illius
764 2250 975 2320 Suetoniaui
986 2250 1067 2318 libri
1079 2251 1226 2320 iuventa
1238 2252 1468 2340 adhibitaque

292 2384 371 2430 esse
387 2371 568 2430 statueret
592 2361 724 2428 Contra
739 2359 843 2426 aliter
858 2357 1068 2426 Theodorus
1086 2358 1171 2442 Litt,
1187 2359 1248 2447 qui
1266 2361 1470 2447 nuperrime

292 2469 330 2535 in
356 2489 397 2535 ea
421 2467 628 2556 quaestione
652 2476 813 2534 versatus
829 2476 894 2551 est,
916 2488 937 2534 a
954 2465 1056 2551 Lydo
1073 2466 1325 2554 Macrobioque
1343 2467 1468 2536 Corne·

293 2576 382 2643 lium
406 2575 608 2648 Labeonem
644 2574 844 2642 adhibitum
878 2593 955 2640 esse
988 2572 1135 2653 docetl),
1178 2573 1280 2641 Illam
1305 2574 1399 2642 enim
1423 2575 1469 2642 de

292 2681 462 2750 Suetonio
485 2681 686 2768 opinionem
711 2680 921 2750 aWissowa
945 2675 1119 2767 prolatam
1143 2681 1296 2748 reiutare
1320 2691 1467 2748 conatus

295 2788 484 2872 ,Macrobii
524 2788 569 2856 de
605 2790 848 2855 Romanorum
888 2809 983 2856 auno
1018 2788 1200 2855 mensibus
1238 2788 1363 2856 diebus
1400 2788 1471 2856 dis·

284 2896 512 2984 putationem
530 2895 760 2983 principalem
776 2917 822 2962 ex
838 2894 952 2962 Verrii
968 2895 1255 2962 fastorumiibris
1269 2894 1464 2962 derivatam

286 3012 387 3070 esse¹⁴
415 3003 648 3090 explicavit7).
694 3002 760 3070 Sed
785 3002 853 3069 hac
869 3001 904 3069 in
921 3023 959 3069 re
975 2985 1108 3074 Littius
1124 3000 1214 3068 nihil
1230 3001 1315 3069 novi
1332 3001 1469 3086 attulit;

292 3134 374 3180 narn
399 3110 569 3179 Macrobii
598 3122 778 3179 auctorem
808 3109 922 3178 Verrii
951 3128 1092 3196 quoque
1121 3107 1275 3194 vestigia
1299 3109 1466 3195 pressisse

289 3217 464 3289 Wissowa
487 3219 563 3306 ipse
587 3217 760 3286 indicavit
781 3217 833 3286 sic
853 3218 1040 3297 locutusll:
1067 3224 1194 3302 „atque
1210 3215 1384 3301 imprimis
1400 3215 1470 3282 hoc

294 3403 507 3410 —-.--.---———-—

401 3494 426 3578 ¹)
450 3494 488 3553 cl.
511 3495 550 3553 H.
565 3493 749 3559 Willemsen,
773 3491 811 3548 de
829 3489 1035 3548 Varronianae
1051 3488 1207 3548 doctrinae
1223 3488 1305 3565 apud
1321 3489 1466 3548 fastorum

287 3585 455 3661 scriptores
477 3584 619 3660 vestigiis,
643 3581 714 3640 diss.
738 3580 832 3638 Bnnn.
859 3577 943 3640 1906
966 3599 996 3655 ρ.
1020 3578 1050 3640 8.

290 3689 294 3698 ·
398 3672 467 3752 ¹)l.
490 3691 517 3733 c.
541 3691 571 3748 p.
593 3670 636 3733 29
660 3659 798 3730 80821.

398 3761 425 3837 ³)
447 3763 478 3820 in
490 3762 671 3820 collectione
684 3759 719 3818 C.
730 3758 866 3817 Suetonii
877 3758 1044 3833 Tranquilli
1054 3757 1248 3832 reliquiarum
1258 3754 1343 3818 1860
1351 3776 1379 3833 p.
1390 3754 1467 3816 476.

400 3852 414 3893 ⁴
452 3851 491 3909 de
507 3850 657 3908 Macrobii
672 3850 789 3907 Satum.
805 3846 877 3906 lont
894 3865 962 3923 cap.
974 3848 1040 3915 tria,
1052 3846 1123 3905 diss.
1136 3847 1254 3906 Vratisl.
1270 3843 1355 3906 1880
1371 3864 1400 3921 p.
1413 3843 1468 3908 22.

399 3939 412 3984 ⁵
446 3941 466 3998 l.
489 3957 514 4000 c.
561 3937 695 3998 ‚172.
768 3929 771 3937 ⁴

397 4030 421 4110 ⁶)
443 3958 562 4089 Theod).
577 4026 646 4094 Lrtt.
666 3958 708 4085 8ο
725 4027 822 4085 Verrii
838 4026 939 4085 Flacci
956 4033 987 4084 et
1002 4023 1136 4084 Cornelii
1151 4023 1305 4083 Labeonis
1320 4023 1465 4083 fastorum

286 4120 382 4192 libris,
405 4119 476 4182 diss.
500 4117 595 4178 Bonn.
621 4115 704 4178 1904
728 4134 758 4191 p.
785 4113 826 4176 23
839 4133 884 4192 sq.

397 4209 423 4284 ²)
446 4210 465 4266 l.
488 4225 514 4266 c.
536 4225 566 4284 p.
593 4206 643 4266 17.

397 4297 464 4375 ⁸)l.
487 4315 514 4356 c.
536 4316 565 4372 p.
589 4294 643 4356 32.
