3418 4954
694 348 913 416 -91..

220 567 266 634 de
282 566 348 634 hac
364 587 401 633 re
416 566 604 653 prolatae¹)
618 564 894 652 haudquaquam
912 563 1118 650 probabiles,
1134 563 1198 630 sed
1208 562 1398 630 arcessitae

222 673 423 741 videantur.
469 671 639 758 Denique
675 691 759 738 vero
794 680 1003 738 concentum
1040 669 1136 737 inter
1158 667 1394 736 Censorinum

224 777 523 865 Macrobiumque,
547 787 671 864 utpote
694 799 799 864 quem
819 776 985 844 Hahnius
1009 775 1085 863 ipse
1105 775 1248 862 saepius
1264 775 1396 860 adgno-

222 899 308 970 scat,
331 896 368 954 et
390 884 646 972 discrepantias
669 883 761 950 iuter
784 905 845 950 eos
859 884 911 951 ita
928 893 1067 950 tantum
1085 881 1260 969 explicare
1276 902 1396 969 possu-

224 1015 315 1077 mus,
337 1005 379 1060 ut
395 991 627 1059 Censorinum
644 992 734 1058 duas
749 991 793 1057 de
809 990 1029 1077 temporibus
1052 988 1311 1076 disputationes
1327 989 1349 1054 i.
1365 1011 1394 1053 e.

224 1100 393 1170 Varronis
402 1108 439 1166 et
448 1097 606 1167 Suetonii
620 1097 657 1165 in
671 1119 781 1164 unum
795 1119 922 1184 corpus
932 1097 1195 1165 consarcinasse
1203 1117 1395 1185 sumamua

223 1211 298 1274 lam
328 1206 384 1274 his
414 1206 458 1272 de
485 1204 602 1272 causis
627 1204 822 1287 Halmium,
849 1204 951 1276 cuius
979 1204 1023 1270 ad
1048 1204 1395 1288 argumentationem

222 1314 259 1380 in
277 1312 508 1400 sequentibus
522 1311 663 1398 saepius
679 1310 881 1394 redibimus,
906 1311 1043 1380 Weberi
1067 1310 1279 1377 sententiam
1297 1311 1397 1378 nullo

224 1441 305 1487 curn
334 1422 453 1486 fructu
482 1418 713 1504 impugnasse
741 1427 838 1504 puto.
886 1420 1011 1504 ltaque
1039 1419 1132 1504 apud
1163 1417 1395 1484 Censorinum

224 1527 257 1593 ei
274 1525 351 1611 loci,
375 1525 503 1612 quibas
519 1526 713 1594 Varronem
729 1523 898 1610 sequitur,
918 1524 1029 1590 abeis
1046 1524 1106 1610 qui
1123 1524 1167 1590 ad
1183 1524 1395 1592 Suetonium

224 1633 375 1700 redeunt
397 1649 556 1718 quosque
569 1630 739 1700 Weberus
750 1642 849 1696 recte
866 1630 1076 1717 indicavit2),
1100 1631 1267 1698 adcurate
1283 1631 1397 1697 seiun-

225 1739 332 1824 gendi
356 1750 451 1807 sunt.
491 1786 493 1792 .
518 1809 520 1814 ,

252 1897 254 1904 v
330 1865 448 1950 Atque
482 1862 527 1928 de
554 1861 667 1929 Solini
703 1861 844 1946 quidem
880 1861 1068 1948 toronum)
1097 1863 1297 1950 Hahnius⁴)
1325 1884 1395 1930 non

223 1971 342 2036 minus
376 1969 466 2036 falso
498 1968 673 2036 indicasse
709 1967 795 2034 mibi
832 1969 980 2049 videtur,
1015 1990 1094 2036 cunr
1124 1969 1236 2036 Solini
1266 1971 1397 2036 Macro-

226 2076 345 2163 biique
369 2085 531 2142 auctores
555 2074 713 2142 diuersos
737 2096 815 2140 esse
838 2074 953 2156 docet;
983 2097 1063 2143 nam
1088 2097 1281 2144 consensus
1305 2077 1397 2144 inter

227 2205 296 2266 eos,
334 2183 474 2251 etiamsi
509 2203 705 2270 perpaucae
740 2193 864 2249 extant
903 2183 1049 2249 minoris
1088 2184 1259 2251 momenti
1298 2182 1396 2249 dissi·

225 2290 454 2374 militudines,
486 2300 558 2356 tam
589 2288 799 2356 manifestus
827 2301 890 2370 est,
925 2302 966 2356 ut
993 2303 1184 2377 utrumque
1212 2292 1254 2358 ad
1284 2313 1396 2358 unum

228 2397 451 2484 eundemque
474 2407 654 2463 auctorem
678 2396 840 2462 recedere
864 2397 988 2482 negari
1012 2409 1174 2482 nequeat.

231 2537 232 2541 ’
332 2522 495 2591 Ceterum
514 2521 603 2606 Lydi
627 2525 742 2587 tontes
765 2521 970 2606 indagaturi
995 2543 1133 2609 semper
1156 2523 1297 2590 ferend
1318 2524 1396 2592 illas

225 2631 380 2704 rationes
408 2629 501 2696 inter
529 2628 636 2695 hosce
665 2649 788 2695 ornnes
817 2639 978 2704 auctores
1001 2629 1261 2698 intercedentes
1284 2631 1397 2699 redire

225 2757 355 2824 easque
399 2736 600 2804 adcuratius
645 2735 820 2823 explicare
863 2735 1081 2806 debebimus.
1138 2738 1206 2805 Sed
1251 2739 1285 2804 in
1330 2740 1398 2807 lrac

226 2843 432 2931 quaestione
467 2845 511 2910 de
540 2842 631 2925 Lydi
666 2843 869 2910 auctoribus
902 2844 1120 2930 expedienda
1150 2846 1319 2913 Macrobii
1353 2846 1397 2914 de

225 2951 309 3017 anni
333 2950 481 3018 historia
509 2949 786 3036 disputationem
815 2950 853 3016 in
876 2951 948 3017 Sat
972 2951 1048 3018 libr.
1073 2949 1245 3035 112-16,
1273 2963 1397 3040 utpote

228 3071 297 3144 qua
325 3079 501 3144 nusquam
536 3057 794 3125 enarrationem
832 3057 1027 3124 uberiorem
1063 3059 1297 3140 inveniamus,
1333 3081 1396 3146 pro

225 3167 315 3232 duce
327 3165 526 3232 habendam
537 3187 613 3232 esse
625 3187 760 3247 censeo,
777 3187 848 3251 quo
861 3165 988 3232 melius
998 3166 1199 3251 fragmenta
1213 3166 1396 3251 Lydianae

226 3273 270 3339 de
294 3293 387 3340 anuo
412 3274 654 3339 Romanorum
679 3272 859 3338 doctrinae
883 3293 943 3358 per
966 3272 1074 3338 libros
1099 3276 1144 3356 II,
1168 3277 1232 3357 111,
1257 3276 1308 3342 IV
1330 3273 1424 3353 dis·¹

225 3401 327 3466 persa
351 3379 444 3446 inter
466 3400 504 3445 se
528 3400 738 3466 componere
754 3378 939 3466 possimus.
986 3379 1125 3463 Quibus
1142 3403 1186 3446 ex
1201 3381 1289 3448 locis
1305 3402 1397 3448 com-

226 3486 392 3574 parandis
408 3485 470 3553 illa
485 3507 597 3574 pauca
614 3485 857 3554 additamenta
870 3508 890 3552 a
904 3485 1080 3553 Macrobio
1093 3509 1137 3553 ex
1149 3487 1229 3554 aliis
1240 3488 1398 3556 fontibus

225 3594 366 3676 inserta,
402 3614 502 3681 quae,
535 3605 577 3661 ut
605 3594 809 3680 wissowaa
836 3605 930 3661 recte
965 3594 1023 3680 ait,
1057 3597 1191 3663 nnllam
1227 3597 1398 3686 praebent

225 3721 348 3767 ansam
365 3699 401 3766 in
419 3701 573 3767 auctoris
587 3699 875 3786 investigatione,
892 3711 975 3768 ante
991 3702 1178 3769 eximenda
1194 3712 1288 3787 sunt,
1305 3705 1397 3790 quod

224 3865 438 3873 -ι--α--ι-ι-...α

238 4003 239 4007 =
338 3970 575 4049 &lapda

334 4058 579 4143 blcpffi.
1255 4133 1258 4138 ,

334 4150 359 4224 ³)
383 4152 414 4210 in
437 4151 557 4210 collect.
581 4169 637 4209 rer.
653 4155 820 4211 memorab.
843 4147 907 4234 (ed.
923 4149 1079 4234 Momms.)
1101 4152 1306 4230 1534-47.

274 4233 620 4322 'qlopffim

334 4329 357 4406 ⁵)
380 4329 399 4388 l.
423 4331 449 4387 c.
472 4349 502 4404 p.
521 4327 571 4389 16.
