3418 4954
789 345 1005 414 „60..

307 562 531 650 eundemque
555 563 687 629 iontem
713 562 866 649 sapiunt
913 563 1030 650 Atque
1050 563 1138 629 haec
1154 563 1331 630 sententia
1347 585 1388 630 eo
1406 585 1487 631 con·

307 669 479 752 firmatur,
500 669 595 757 quod
612 669 649 735 in
666 671 732 752 11‚0
750 679 797 755 (p.
814 665 883 752 30‚⁸
901 668 968 756 sq.)
984 670 1106 754 Lydus
1123 670 1167 736 de
1182 690 1331 739 numero
1347 681 1486 757 quaten·

307 775 407 843 nario
441 775 570 843 similia
606 786 727 843 narrat
761 786 868 862 atque
906 775 1006 843 Philo
1042 776 1082 842 dc
1116 777 1197 864 opas.
1233 778 1359 842 mundi
1387 777 1407 865 ξ
1440 775 1483 843 51

308 884 355 973 (p.
373 880 583 968 16,10-17,2)
607 893 643 950 et
665 882 684 971 ξ
708 879 751 948 47
775 880 947 970 (p.15,11),
971 893 1011 949 ot
1035 905 1079 949 ex
1102 883 1170 949 hoc
1193 904 1401 971 cognosces:

399 1080 488 1164 Lyd.
513 1081 573 1162 ΙΙμ
598 1084 643 1165 (p.
668 1076 750 1163 30,s)

308 1205 387 1295 περὶ
424 1205 461 1272 δέ
494 1210 551 1273 τοῦ
586 1194 657 1270 κατ’
693 1193 841 1292 άριθμόν

309 1303 497 1398 άξιιόματος
520 1303 538 1378 ό
557 1311 714 1399 τέταρτος
737 1301 841 1397 άριθ-

262 1469 266 1480 -
307 1413 372 1506 μδς
394 1412 599 1509 τετράγωνός
622 1419 705 1486 ἐστι.
740 1414 842 1503 μόνος

309 1521 371 1618 γάρ
398 1524 508 1606 ἰσάκις
529 1520 604 1606 ἰσος
628 1520 782 1617 ἰσομερης
805 1525 842 1592 ἐκ
869 1571 870 1574 =

308 1639 375 1702 τῶν
397 1624 506 1702 αύτῶν
527 1632 584 1700 καὶ
608 1631 765 1702 συνθέσει
783 1632 841 1701 καὶ

309 1739 443 1827 δυνάμει
478 1741 609 1830 πέφυκε
648 1746 839 1830 γεννᾶσθαι,

597 1950 757 2021 σύνθεσιν
779 1953 841 2038 μὲν

309 2054 367 2132 ούν
390 2063 426 2130 ἐκ
449 2065 538 2130 δυεῖν
552 2061 611 2129 καί
627 2064 728 2144 δυεῖν,
744 2058 842 2128 δύνα-

308 2198 366 2257 μιν
390 2170 426 2239 δέ
449 2170 485 2237 ἐκ
508 2175 566 2237 τοῖν
590 2169 642 2249 δίς
665 2165 733 2248 δύο,
757 2165 843 2257 πάγ-

308 2275 410 2354 καλόν
453 2303 485 2345 τι
523 2274 715 2367 συμφωνίας
753 2269 843 2355 εἰδος

311 2381 593 2469 ἐπιδεικνύμενος,
610 2369 629 2450 δ
643 2382 759 2472 μηδενὶ
775 2388 842 2448 τῶν

311 2480 422 2559 litlot
446 2481 603 2579 άριθμιῖν
630 2489 843 2579 συμβέβηκεν,

310 2592 394 2666 ὅθεν
437 2597 494 2665 καί
534 2588 844 2682 οἷποτελεσματικδς

309 2707 480 2774 καλεῖται·

309 2811 342 2881 εἰ
365 2805 427 2902 γάρ
455 2803 529 2879 άπδ
552 2808 698 2897 μονάδος
720 2809 860 2898 μέχριῑ),

310 2917 469 3009 τετράδος
526 2916 602 3009 ἑξῆς
659 2921 845 2986 συνειδεῖεν

311 3019 460 3116 όριθμοῖ,
476 3023 599 3094 δεκάδα
612 3014 843 3092 άποτείοῦσιν.

951 1078 1038 1146 Phil.
1051 1080 1074 1147 l.
1088 1101 1116 1146 c.
1130 1079 1149 1168 ξ
1162 1077 1202 1145 51
1217 1077 1489 1168 (pulpa-lla)

949 1197 1037 1292 πρὸς
1060 1203 1097 1272 δέ
1120 1202 1254 1284 τούτοις
1283 1194 1353 1274 οὔδ’,
1380 1205 1484 1274 ἐκεῖνο

950 1301 1135 1401 άμνοητέον,
1162 1303 1213 1378 ὅτι
1230 1317 1363 1400 πρῶτος
1380 1301 1483 1399 άριθ-

949 1423 1021 1504 μῶν
1053 1409 1071 1484 ό
1105 1416 1245 1508 τέτταρα
1280 1417 1485 1509 τετράγωνός

950 1525 1039 1592 ἐστιν
1078 1522 1191 1604 ἰσάκις
1235 1521 1323 1607 ἰσος,
1368 1525 1485 1615 μέτρον

950 1630 1161 1722 δικαιοσύνης
1176 1632 1233 1699 καὶ
1250 1627 1408 1723 ἰσότητος,
1429 1633 1485 1700 καί

951 1731 1002 1806 ότι
1024 1736 1125 1825 μόνος
1148 1739 1267 1806 ἐκτῶν
1293 1731 1401 1807 αύτῶν
1429 1739 1485 1808 καὶ

950 1845 1107 1915 συνθέσει
1131 1845 1187 1914 καὶ
1203 1844 1339 1934 δυνάμει
1356 1846 1484 1938 πέφυκε

951 1958 1146 2042 γεννᾶσθαι,
1215 1953 1369 2024 συνθέσει
1424 1953 1485 2040 μίν

951 2061 988 2128 ἐκ
1026 2063 1115 2128 δυοῖν
1152 2061 1207 2128 καί
1246 2064 1348 2149 δυοῖν,
1389 2058 1487 2130 δονά-

949 2165 1486 2257 μειδέπάλινέκτοῖιδίςδύο,πόγ-

950 2263 1052 2342 καλόν
1093 2300 1125 2341 τι
1164 2276 1360 2365 συμφωνίας
1398 2268 1487 2355 εἰδος

952 2379 1225 2467 ἐπιδεικνύμενος,
1249 2369 1400 2473 ἐμηδενί
1419 2387 1485 2449 τῶν

952 2478 1061 2555 άλλων
1084 2479 1238 2577 άριθμῶν
1261 2489 1483 2580 συμβέβηκεν·

995 2683 1081 2750 Phil.
1098 2684 1121 2750 l.
1138 2707 1167 2752 c.
1184 2688 1203 2766 ξ
1219 2681 1262 2748 47
1280 2689 1326 2771 (p.
1343 2682 1439 2768 top)

953 2806 984 2875 εἰ
1007 2815 1084 2897 γοῦν
1106 2805 1137 2876 οἰ
1155 2801 1229 2876 άπδ
1244 2807 1391 2895 μονάδος
1407 2797 1485 2897 άχρι

952 2912 1110 3004 τετράδος
1155 2913 1231 3006 ἑξῆς
1299 2921 1486 2984 συντεθεῖεν

954 3013 1106 3111 άριθμοί,
1132 3021 1255 3090 δεκάδα
1272 3021 1485 3114 γεννήσουσιν.

321 3283 333 3300 2
418 3240 510 3326 Lydi
534 3239 646 3326 igitur
669 3247 801 3321 auctor,
825 3247 866 3304 ut
889 3237 1077 3325 praecipue
1101 3259 1146 3303 ex
1161 3237 1217 3303 his
1232 3236 1319 3304 locis
1335 3235 1486 3324 perspici

312 3358 438 3437 potest,
467 3346 613 3429 corrasit
640 3344 786 3432 suisque
813 3343 1009 3411 rationibus
1038 3343 1213 3431 disposuit
1241 3343 1360 3410 omnia
1384 3364 1489 3431 quae·

312 3476 463 3542 cumque
491 3454 535 3520 ad
561 3452 785 3538 singulorum
816 3471 1043 3517 numerorum
1070 3460 1233 3517 naturam
1263 3449 1488 3537 pertinebant

311 3560 603 3650 philosophorum
631 3557 856 3646 potissimum
886 3556 1090 3625 testimonia
1119 3558 1244 3623 afferre
1272 3579 1342 3623 non
1372 3577 1489 3644 asper·

312 3679 426 3735 natus.
473 3665 532 3734 Sic
555 3665 648 3732 inter
671 3686 712 3730 ea
737 3665 843 3731 etiam
866 3665 934 3732 hoc
958 3666 1161 3753 exemplum
1178 3664 1300 3749 Lydus
1323 3663 1488 3752 repperit,

311 3774 406 3864 quod
429 3773 466 3840 in
492 3776 566 3856 ΙΙ,ε,
595 3771 654 3838 ubi
681 3770 823 3838 ternarii
847 3772 984 3839 numeri
1009 3772 1177 3839 virtutem
1201 3780 1487 3858 potestatemque

312 3880 475 3970 explicat,
499 3880 535 3946 in
557 3900 662 3946 usum
679 3879 856 3946 convertit
870 3879 959 3947 haec
974 3879 1104 3946 docens
1120 3899 1152 3965 p.
1169 3874 1251 3962 26,o:
1271 3877 1361 3966 τρία
1380 3877 1417 3946 δέ
1432 3877 1489 3945 καί

313 3994 369 4058 νοῦ
388 3984 460 4081 εῖδη
481 3977 753 4078 Ἀριστοτέλης
778 3984 1004 4074 παραδίδωσι,
1031 3980 1090 4052 τόν
1104 3975 1227 4066 ὑλικόν,
1244 3977 1303 4052 τόν
1318 3975 1399 4052 καθ’
1411 3968 1491 4069 ἐξιν,

311 4092 370 4164 τδν
393 4093 557 4185 θύραθεν;
581 4094 808 4163 Aristotelem
831 4093 945 4179 igitur
966 4086 1027 4159 τὸν
1049 4097 1125 4159 νοῦν
1147 4092 1281 4188 intres
1304 4101 1423 4176 partes
1440 4089 1492 4158 di-

313 4241 526 4252 ω·-

395 4337 397 4341 ·
423 4317 446 4394 ¹)
471 4301 545 4398 ὅσοι
577 4317 606 4377 Y
