3398 4952
791 251 1012 322 ,30-

193 518 196 525 .
321 490 469 536 numero
491 467 529 534 in
553 468 759 537 universum
775 489 889 557 paene
909 467 1078 537 adcurate
1093 468 1185 538 inter
1201 491 1240 538 se
1255 470 1492 556 consentiunt,

320 574 389 642 nisi
405 575 499 663 quod
514 575 615 643 Philo
632 575 782 643 alterum
798 574 946 643 Philolai
963 574 1206 644 testimonium
1226 575 1335 664 (apud
1349 577 1490 663 Lydum

320 703 352 769 p.
376 678 468 765 33‚ul
496 681 658 770 neglexit
685 691 793 769 atque
822 680 919 749 aliud
946 681 1090 751 uberius
1120 683 1220 768 Lydo
1249 685 1490 770 pertractavit.

320 791 445 875 Itaque
468 789 553 876 quin
572 789 673 857 Philo
687 788 764 877 ipse
779 810 851 856 non
868 788 960 874 Lydi
976 799 1099 857 auctor
1113 787 1230 875 luerit,
1253 810 1325 856 non
1340 791 1488 858 dubium

321 904 383 979 est,
411 895 473 963 sed
500 895 620 982 potius
643 905 834 985 utrumque
857 896 902 963 ad
926 917 1037 964 unum
1062 897 1287 983 eundemque
1310 907 1490 966 auctorem

321 1002 486 1069 ultimum
510 1003 672 1070 recedere
696 1006 925 1071 Hermannus
942 1002 1041 1070 Diels
1050 1008 1071 1084 ¹)
1094 1025 1165 1070 non
1181 1003 1308 1071 inscite
1325 1004 1490 1092 opinatus

322 1120 376 1177 est
391 1109 593 1197 optimeque
608 1109 692 1176 huic
707 1109 865 1196 opinioni
882 1109 1057 1194 convenit,
1081 1110 1174 1196 quod
1190 1110 1288 1198 apud
1305 1111 1488 1180 Philonem

320 1217 464 1284 nomine
493 1214 643 1282 Philolai
676 1237 866 1304 suppresso
898 1225 981 1284 ante
1008 1217 1109 1284 illum
1139 1238 1246 1304 supra
1274 1218 1489 1305 exscriptum

320 1324 437 1391 locum
472 1323 581 1390 haece
617 1323 897 1392 verbaextant:
933 1314 977 1392 δι’
1012 1311 1052 1414 ἢν
1083 1321 1193 1393 αἰτίαν
1222 1321 1258 1393 οἱ
1281 1325 1351 1411 μὲν
1375 1313 1490 1394 iiiior

320 1427 533 1521 φιλόσοφοι
567 1425 623 1498 τὸν
657 1421 805 1518 ἇριθμόν
838 1435 955 1499 τοῦτον
990 1430 1024 1516 [i.
1052 1453 1082 1500 e.
1116 1424 1173 1499 τὸν
1207 1425 1297 1500 ἑπτα
1326 1423 1485 1522 ἀριθμόν]

320 1537 510 1623 ἐξομοιοῦσι
533 1542 578 1629 τῇ
602 1527 773 1629 οἶμήτορι
796 1535 883 1628 Νίκῃ
907 1536 963 1606 καὶ
987 1537 1156 1629 Παρθένῳ
1178 1539 1249 1606 κτλ.
1272 1547 1379 1625 atque
1395 1539 1490 1626 apud

322 1644 478 1730 Lydum:
502 1635 613 1732 ὀρθῶς
628 1636 684 1712 οὖν
701 1634 879 1733 ἇμντορα
898 1637 957 1713 τὸν
980 1637 1071 1712 inrui
1095 1635 1240 1734 οἷριθμὸν
1257 1637 1276 1713 ὅ
1294 1643 1489 1726 Φιλόλαος

320 1749 582 1842 προσηγόρευσε.

426 1856 526 1924 Licet
557 1880 642 1925 vero
674 1859 729 1925 vel
757 1859 879 1944 Lydus
902 1858 978 1947 ipse
1001 1858 1059 1926 vel
1083 1858 1208 1945 aliquis
1232 1868 1356 1926 auctor
1376 1859 1492 1947 proxi·

319 1986 399 2031 mus
407 1969 441 2049 ²),
458 1985 563 2052 quem
580 1964 802 2032 dissimulare
818 1965 947 2050 studet,
965 1965 1122 2033 Philonis
1138 1966 1272 2033 fontem
1289 1965 1490 2052 inspexerit,

320 2081 439 2138 tamen
463 2071 539 2138 sine
562 2071 671 2139 dubio
694 2074 847 2138 Ioannes
869 2071 958 2139 haec
981 2081 1166 2140 auctorum
1190 2073 1334 2140 nomina
1357 2073 1428 2140 iam
1451 2072 1490 2139 in

320 2179 417 2246 fonte
441 2199 506 2245 suo
528 2178 676 2246 invenit.

428 2287 505 2351 Nec
528 2283 647 2352 minus
671 2293 805 2352 certum
830 2293 884 2352 est
906 2283 1046 2370 Lydum
1070 2307 1142 2352 non
1166 2285 1271 2352 modo
1295 2307 1406 2353 unum
1431 2285 1488 2352 vel

320 2393 392 2458 duo
414 2391 568 2477 nomina,
591 2391 653 2458 sed
677 2391 797 2458 omnia
820 2413 942 2459 eorum
966 2392 1178 2480 scriptorum
1202 2393 1376 2476 citavisse,
1401 2413 1490 2480 quos

319 2498 357 2564 in
385 2498 543 2566 lontibus
571 2498 645 2566 suis
669 2499 870 2566 nominatos
893 2508 1107 2586 reppererat.
1152 2499 1194 2565 ld
1219 2500 1314 2567 enim
1337 2499 1489 2566 dilucide

319 2605 539 2672 demonstrat
561 2603 620 2672 hic
634 2605 733 2672 locus
748 2607 831 2689 111‚s
850 2605 896 2693 (p.
912 2601 1016 2693 39,1,),
1039 2605 1101 2673 ubi
1116 2627 1154 2673 se
1170 2605 1288 2694 ipsum
1305 2616 1489 2674 auctorum

319 2712 465 2779 nomina
488 2711 685 2799 conlegisse
708 2712 853 2779 simulat
876 2712 1010 2779 fontem
1034 2735 1104 2779 non
1130 2714 1318 2782 adnotans:
1426 2699 1428 2704 ’

393 2908 482 2993 Lyd.
506 2911 590 2992 111,s
615 2913 658 2996 (p.
682 2904 776 2992 321.)
956 2907 1143 2994 Ioseph.in
1153 2908 1272 2996 Antiq.
1282 2905 1490 2997 1ud.1§108

1150 3015 1285 3104 (Niese)

318 3128 504 3222 Ἠσίοδος
519 3140 556 3209 di
571 3140 628 3210 καὶ
641 3132 850 3225 Ἑκαταῖος,
956 3129 1139 3220 Ἡσίοδός
1160 3164 1196 3206 rc
1215 3140 1273 3208 καὶ
1287 3131 1491 3221 Ἑκαταῖος

339 3238 561 3328 Ἑλλάνικος
593 3247 649 3316 καὶ
682 3238 853 3317 ’Λκοοσί-
895 3301 898 3304 -
977 3245 1033 3314 καὶ
1048 3237 1271 3326 Ἑλλάνικος
1292 3246 1349 3315 καὶ
1364 3237 1490 3315 Ἄκου-

340 3344 852 3446 λαοςναὶ”ΕφοροςκαὶΝικό-
978 3351 1115 3434 σίλαος
1147 3354 1203 3422 καὶ
1238 3350 1322 3444 πρὸς
1358 3352 1492 3436 τούτοις

340 3459 433 3543 λαός
451 3458 853 3556 φασιτούςμακραίωνος
898 3449 899 3452 ¹
970 3452 1238 3554 ’Ἐφοροςκαὶ
1261 3459 1492 3544 Νικόλαος

339 3569 396 3637 καὶ
427 3561 514 3658 ὑπὲρ
538 3567 666 3656 χιλίους
695 3568 851 3661 διαζῆσαι
978 3567 1148 3658 ἱστοροῦσι
1201 3563 1280 3649 τούς
1335 3559 1492 3656 ἇρχαίοος

338 3674 483 3765 χρόνους.
977 3675 1139 3767 ζήσαντας
1160 3674 1216 3768 ἔτη
1239 3674 1342 3762 χίλια.

426 3873 535 3942 euius
558 3873 609 3942 rei
633 3872 739 3941 etiam
763 3874 915 3944 alterum
937 3873 1132 3940 excitemus
1149 3871 1401 3960 testimonium,
1425 3871 1488 3940 ubi

429 4112 452 4192 ¹)
476 4114 514 4173 cl.
536 4114 632 4184 Diels,
648 4115 771 4201 ⁴Fragm.
794 4115 849 4175 der
871 4113 1123 4174 Vorrokratilrer²
1144 4113 1160 4171 I
1182 4135 1212 4192 p.
1227 4112 1291 4174 246
1315 4133 1343 4171 n.
1360 4109 1413 4175 20.

426 4216 453 4304 ²)
477 4221 514 4281 cl.
537 4221 614 4280 infra
637 4222 655 4298 ξ
678 4222 733 4292 du.
