3418 4954
736 351 778 362 ..
823 309 956 380 gp...

260 528 413 615 adparet
437 566 478 576 -
502 527 595 614 quod
633 548 678 592 ne
713 536 816 595 antea
834 526 994 614 =quidem
1030 527 1271 614 ignorabatur,
1305 527 1366 596 sed
1396 549 1441 597 ex

257 634 389 702 isidori
415 633 552 702 miseris
568 633 744 722 excerptis
760 655 830 701 nou
847 643 988 721 poterat
1004 633 1092 702 satis
1108 634 1256 721 perspici
1282 673 1325 686 -
1348 634 1441 702 hauc

258 741 453 829 praecipue
472 740 648 824 ,rationem
674 739 886 808 Suetonium
909 750 1071 808 secutum
1096 763 1182 824 esse,
1205 752 1246 809 ut
1269 744 1440 810 Varronis
1461 777 1465 786 ·

262 861 372 936 atque
401 840 514 916 Verrii
550 846 666 915 Flacci
701 847 897 914 doctrinam
933 847 1026 916 inter
1060 869 1098 915 se
1132 848 1335 916 conciliaret
1344 851 1370 936 ¹)
1405 860 1465 916 etv

259 954 365 1043 quasi
382 955 427 1021 in
452 974 563 1021 unum
579 954 760 1038 conflaret,
784 955 906 1041 paucis
922 953 1001 1020 aliis
1018 954 1186 1022 adhibitis
1201 955 1300 1022 libris
1315 956 1440 1024 Verrio

264 1061 528 1144 recentioribus,
552 1071 593 1128 ut
615 1059 759 1128 Masurii
782 1061 907 1128 Sabini
922 1062 1037 1145 iastis;
1061 1062 1447 1149 antiquiorum-autem.

262 1170 489 1257 scriptorum,
528 1189 617 1256 quos
653 1169 786 1235 multos
820 1169 994 1250 laudavit,
1029 1169 1192 1236 notitiam
1228 1191 1247 1236 e
1283 1171 1468 1238 Varrone

264 1287 301 1344 et
342 1276 465 1344 Verrio
504 1277 712 1362 plerumque
751 1274 912 1342 hausisse
950 1273 1126 1359 videturt,
1165 1287 1201 1342 et
1238 1276 1331 1344 hanc
1365 1293 1438 1343 rem

264 1383 388 1470 paucis
426 1382 599 1470 exemplis
637 1381 852 1452 inlustravit
915 1382 1047 1452 Littius
1086 1394 1205 1451 autem
1247 1406 1307 1469 eo,
1346 1385 1439 1471 quod

262 1512 356 1577 quae
386 1487 553 1557 Macrobii
587 1499 710 1556 auctor
740 1511 769 1555 e
784 1489 908 1556 Verrio
936 1489 1157 1557 arcessiverit
1192 1490 1337 1577 longius
1365 1513 1442 1578 per-

261 1607 410 1664 secutus
456 1606 531 1680 est,
577 1595 668 1662 hanc
707 1595 902 1666 Wissowae
945 1596 1146 1682 opinionem
1187 1598 1230 1664 de
1268 1599 1440 1666 Suetonio

266 1704 436 1770 Macrobii
465 1714 609 1771 anctore
638 1724 709 1769 nou
741 1703 846 1770 modo
876 1724 947 1769 nou
977 1703 1095 1787 diluit,
1124 1706 1184 1771 sed
1221 1705 1327 1771 etiarn
1364 1707 1440 1772 eius

262 1811 477 1878 sententiam
518 1811 562 1876 de
600 1809 770 1877 Suetonio
797 1810 910 1878 Verrii
950 1821 1123 1878 sectatore
1162 1811 1297 1877 invitus
1335 1813 1441 1898 plane

264 1917 504 2002 confirmavit3
533 1939 616 1984 nam
646 1917 682 1983 id
711 1917 806 2010 quod
834 1917 895 1983 ille
925 1917 1011 1984 dicit
1034 1918 1054 1984 l.
1078 1938 1106 1984 c.
1130 1939 1162 2004 p.
1187 1915 1247 1986 16:
1275 1918 1441 2002 ,minime

263 2011 307 2090 ea
344 2024 378 2090 in
414 2045 484 2110 qua
517 2024 759 2110 deprehensus
795 2036 849 2091 est
875 2023 1042 2091 Macrobii
1079 2035 1201 2090 auctor
1226 2024 1439 2114 compilandi

265 2131 357 2197 ratio
394 2131 430 2197 iu
464 2129 623 2199 Suetonii
665 2132 769 2218 quale
800 2131 918 2198 adhuc
948 2132 1136 2218 probatum
1170 2141 1223 2198 est
1254 2132 1439 2218 ingenium

262 2238 464 2320 couvenit“,
493 2259 562 2305 non
594 2236 772 2324 probabile
797 2239 938 2306 videtur
966 2260 1088 2325 eoque¹
1105 2239 1224 2304 minus
1252 2239 1441 2325 probabile,

265 2346 359 2431 quod
389 2355 464 2411 tota
492 2346 527 2410 in
553 2344 655 2416 Littii
684 2346 994 2432 argumentatione
1018 2345 1105 2411 nihil
1130 2347 1230 2429 inest,
1260 2367 1330 2433 quo
1353 2345 1441 2412 haec

266 2451 444 2519 sententia
479 2451 717 2519 confirmetur.
764 2454 865 2537 Quae
898 2474 977 2518 cum
1002 2454 1053 2518 ita
1076 2453 1157 2536 siut,
1181 2453 1343 2541 equidem
1368 2474 1439 2519 non

263 2559 398 2642 dubito,
427 2561 512 2647 quin
536 2557 727 2626 Suetonius
753 2559 920 2625 Macrobii
946 2569 1068 2626 auctor
1091 2561 1205 2627 luerit.
1252 2560 1322 2644 Qui
1346 2561 1441 2648 quod

266 2665 404 2752 Lydum
436 2666 726 2753 Macrobiumque
755 2688 800 2733 ex
827 2687 900 2734 uuo
929 2667 1124 2754 eodemque
1152 2669 1249 2734 fonte
1279 2667 1441 2754 proximo

264 2773 372 2840 simul
395 2773 557 2840 hausisse
580 2773 682 2839 nobis
706 2775 916 2859 persuadere
940 2784 1098 2858 conatur,
1120 2775 1188 2840 hoc
1209 2795 1441 2861 praepropere
1522 2853 1527 2862 ὁ

264 2880 434 2948 statuisse
469 2880 555 2946 mihi
590 2879 741 2971 videtur.
790 2884 831 2946 Iu
868 2881 935 2948 hoc
963 2881 1059 2947 euim
1088 2893 1271 2964 concentu,
1300 2883 1439 2972 qualem
1509 2894 1512 2900 ’

264 2988 359 3055 'inter
394 2987 533 3071 Lydum
571 2997 607 3054 et
644 2987 861 3054 Macrobium
897 2989 1205 3074 deprehendimus,
1230 3010 1292 3054 eae
1316 2998 1442 3058 extant

263 3094 536 3181 discrepantiae,
576 3093 705 3182 quibus
747 3104 936 3182 utrumque
974 3094 1250 3182 haudquaquam
1291 3095 1335 3162 ab
1369 3117 1441 3162 uno

264 3203 461 3288 eodemque
485 3211 628 3274 auctore
651 3202 812 3288 proximo
836 3201 989 3288 pendere
1012 3201 1288 3285 demonstretur3
1314 3201 1447 3269 deinde-

241 3319 392 3375 autem
422 3298 554 3378 Littius
588 3307 623 3373 in
652 3308 866 3375 Macrobiani
891 3307 1044 3374 auctoris
1068 3307 1345 3394 investigatione
1368 3331 1439 3376 nou

263 3437 307 3481 ea
343 3436 434 3503 quae
470 3436 491 3480 a
527 3414 706 3481 Macrobio
740 3415 817 3502 ipso
845 3438 890 3482 ex
918 3415 995 3482 aliis
1019 3414 1175 3482 lontibus
1203 3414 1336 3482 inserta
1364 3437 1440 3482 esse

265 3522 475 3608 wissowa2)
510 3522 681 3612 iudicavit
716 3522 957 3589 additamenta
993 3522 1126 3590 exemit
1158 3544 1272 3618 neque
1300 3523 1441 3609 quando

263 3631 389 3714 Lydus
418 3630 463 3696 ab
492 3630 562 3696 alio
590 3629 633 3697 ad
664 3629 773 3696 aliurn
798 3631 931 3696 iontem
957 3629 1148 3697 deverterit
1170 3629 1360 3716 diligenter
1383 3630 1444 3696 ob-

261 3736 423 3803 servavit
457 3757 522 3804 nec
558 3735 648 3822 Lydi
684 3747 897 3821 argumenta
931 3737 975 3803 de
1004 3759 1099 3804 auno
1129 3739 1372 3804 Romanorum
1396 3736 1441 3802 ab

264 3843 342 3910 eius
377 3845 421 3910 de
456 3844 509 3911 dis
547 3843 752 3931 deabusque
788 3842 928 3928 placitis
963 3844 1131 3910 adcurate
1165 3842 1322 3910 seiunxit
1344 3842 1442 3930 (vide

265 3991 478 4005 W...-

377 4059 402 4145 ¹)
426 4065 465 4120 de
485 4063 632 4122 Suetonio
650 4063 793 4121 Varronis
816 4071 967 4121 sectatore
990 4062 1058 4119 vide
1082 4080 1162 4137 quae
1183 4064 1300 4150 monuit
1315 4063 1443 4136 Reiffcr-
1497 4060 1499 4064 ’

263 4151 371 4210 scheid
395 4154 416 4213 Ι.
440 4169 466 4210 c.
489 4171 519 4226 p.
542 4150 618 4212 473.
640 4150 716 4219 475,
739 4152 778 4210 de
803 4151 913 4211 Verrio
932 4151 1004 4208 ibid.
1027 4169 1057 4224 p.
1081 4149 1145 4210 449
1170 4151 1209 4208 al.

375 4271 402 4358 r)
425 4277 444 4333 1.
468 4293 494 4334 c.
517 4295 547 4351 ρ.
573 4275 627 4343 10;
655 4276 702 4337 17.
