3418 4954
841 353 844 360 ι

846 361 849 368 ι

711 375 755 390 -
800 335 851 405 ω’
889 375 933 390 -

234 552 327 644 iiteri
351 573 421 621 nou
447 547 589 620 dubitat
611 550 805 620 sententias
820 555 892 620 non
909 572 931 619 n
945 573 984 620 se
999 548 1078 640 ipso
1093 551 1323 638 excogitatas,
1347 554 1413 624 sen

233 673 280 727 ex
296 659 386 728 'aliis
409 670 570 728 veterum
594 669 780 726 auctorum
802 659 942 748 ¹scriptis
964 669 1188 747 sumptnsse
1211 659 1411 747 protulisse,

234 767 287 833 sic
308 767 450 835 loculus
472 766 508 834 in
533 767 596 850 11‚1
623 762 784 854 (p.18‚s):
809 759 872 834 ὅσα·
896 789 933 856 yn
957 757 1051 856 ἡμεῖς
1072 765 1110 834 ἐκ
1131 773 1197 833 τῶν
1215 757 1413 852 Ῥωμαλλιῶν

151 963 154 968 Ι
234 869 678 966 λστοριῶνξπαρειλήφαμεν.
718 874 819 958 Quae
842 895 924 940 cum
946 873 998 941 ita
1013 873 1096 957 sint,
1111 873 1149 940 hi
1166 875 1420 941 Romanorum.

234 992 399 1050 suctores
421 975 571 1070 quornm
592 980 752 1068 ‘vestigia
775 980 904 1068 pressit
926 980 1028 1048 nobis
1051 981 1253 1068 quaerendi.
1267 991 1361 1048 sunt
1383 1008 1397 1022 ·

342 1089 413 1156 Sed
453 1088 491 1156 in
530 1088 599 1155 hac
631 1089 691 1154 de
710 1088 916 1156 auctoribus
950 1087 1157 1176 quaestione
1191 1075 1411 1176 expedienda

237 1196 676 1283 1.ydusipseunsquam
707 1195 780 1262 iere
808 1191 941 1266 certum
969 1194 1072 1262 nobis
1101 1196 1246 1282 praebet
1264 1194 1414 1278 ‘ansamr

235 1302 298 1370 ille
310 1299 415 1385 eniin,
428 1303 494 1370 etsi
506 1304 626 1370 omnio
638 1321 882 1390 quaecumque
894 1322 939 1370 ex
953 1305 1195 1370 Romanorum
1207 1301 1415 1370 auctoribus

237 1409 386 1477 haurire:
406 1410 524 1497 potuit
552 1431 591 1477 se
619 1409 655 1476 in
681 1409 991 1496 medioposuisse
1022 1409 1183 1492 simulat,
1212 1421 1332 1476 tamen
1355 1409 1412 1481 his

235 1516 323 1602 ipsis
346 1517 434 1584 locis
458 1517 586 1603 quibus
609 1517 694 1584 anni
718 1516 901 1584 historiam
926 1515 1153 1603 amplectitur
1174 1527 1311 1603 praeter
1328 1517 1416 1585 Var-

236 1643 358 1691 ronem
388 1625 566 1693 neminem
594 1625 667 1692 iere
695 1643 816 1692 eorum
845 1624 1015 1705 nominat,
1033 1624 1105 1711 ·qui
1134 1624 1256 1704 eodem
1290 1625 1334 1690 de
1361 1645 1416 1691 ar-

130 1726 132 1728 ’
238 1741 412 1817 gumento
442 1731 670 1819 disputarunt
702 1731 822 1819 eique-
840 1752 912 1796 non
944 1730 1059 1818 pauci.
1111 1733 1237 1818 itaque
1256 1730 1413 1799 fortasse

236 1837 413 1925 quispiam
437 1838 567 1906 dixerit
590 1838 680 1924 Lydi
707 1838 964 1925 expositionem
989 1839 1034 1904 de
1056 1838 1141 1905 anni
1164 1838 1313 1905 historia
1337 1839 1414 1906 unia

238 1959 392 2012 versum·
418 1964 463 2012 ex
486 1946 655 2014 Varronis
688 1945 935 2031 antiquitatum
963 1945 1193 2026 humerorum
1217 1944 1335 2029 tibris:
1352 1946 1412 2032 qui

237 2051 375 2139 copiam
409 2051 578 2120 materiae
605 2053 650 2118 ad
686 2051 949 2139 compilandam
988 2051 1136 2120 idoneae
1176 2052 1207 2118 ei
1229 2052 1413 2139 ..praebere

238 2147 443 2246 potuerunt,
471 2170 725 2248 comportatum
745 2157 847 2226 esse.
890 2161 939 2227 At
969 2159 1282 2244 LydusVarronis
1306 2159 1416 2226 libros

237 2285 276 2332 se
294 2261 383 2333 'ante
406 2267 527 2334 oculos
551 2288 621 2334 non
639 2266 810 2334 habuisse
824 2267 902 2354 ipse
920 2275 1070 2334 testatur
1090 2267 1127 2333 in
1139 2268 1185 2332 -de
1208 2288 1295 2353 mag.
1314 2269 1412 2350 111,u

238 2378 284 2459 (p.
300 2369 429 2458 tutu),
454 2374 513 2440 ubi
538 2383 606 2442 est:
631 2366 678 2454 ὥς
701 2373 923 2453 Φενεστέλλας
945 2373 1001 2441 καὶ
1018 2373 1177 2453 Eruimus
1200 2372 1232 2440 oi
1255 2365 1416 2459 Ῥωμαῖοί

239 2503 353 2568 φασιν,
380 2469 426 2547 ὧν
447 2474 511 2560 τὰς
532 2480 670 2570 χρήσεις
685 2473 710 2548 ὅ
720 2478 861 2569 Βάρρων
884 2478 973 2570 [ἐπὶ]
987 2485 1054 2548 τῶν
1070 2470 1297 2567 ἆνθρωπλνων
1312 2504 1430 2570 apuys.

237 2585 355 2672 μάτων
377 2579 560 2679 ἆνήγαγεν·
588 2582 666 2678 [ἐγώ
689 2588 727 2657 δὲ
749 2582 823 2678 τὰς]
846 2587 981 2673 βίβλους
1003 2579 1103 2655 οὔπω
1126 2589 1301 2674 τεθέαμαι,
1326 2591 1416 2674 qnae'

242 2696 349 2761 verba
373 2715 454 2763 cum
473 2695 659 2762 Krahnero
682 2704 718 2762 et
735 2695 900 2776 Kahlio¹l
915 2694 966 2762 ita
982 2695 1158 2784 explicare
1173 2696 1352 2781 debemus,
1376 2708 1433 2763 nt·

239 2821 311 2868 non
340 2802 446 2868 modo
472 2803 692 2870 Fenestellae
721 2812 758 2869 et
784 2803 966 2886 Sisennae,
994 2803 1055 2869 sed
1080 2803 1259 2870 Varronis.
1277 2823 1417 2890 quoque

239 2907 348 2976 libros
376 2910 627 2995 antiquitatum
662 2911 893 2976 humanarum
929 2931 967 2976 se
989 2909 1185 3000 inspexisse
1207 2922 1327 2998 neget.
1375 2911 1415 2976 ld

240 3026 360 3082 autem
393 3037 464 3083 non
494 3015 623 3084 mirum
654 3026 721 3099 est;
753 3038 837 3084 nam
866 3017 1081 3104 Gruppius2).
1111 3017 1187 3083 iure
1220 3017 1417 3104 meritoque

240 3121 364 3191 docuit
400 3123 569 3192 Varronis
604 3123 722 3206 libros,
757 3124 850 3210 qnod
885 3145 906 3189 a
941 3123 1058 3189 medio
1091 3125 1256 3190 secundo.
1274 3125 1416 3191 saeculo

241 3228 430 3315 scriptores
442 3230 560 3316 magis
573 3230 761 3316 magisque
771 3228 984 3316 compilandi
995 3231 1277 3316 excerpendique
1286 3237 1417 3297 munus

240 3336 462 3423 susciperent
485 3346 521 3404 et
544 3337 581 3402 in
599 3336 742 3403 Reatini
766 3335 907 3422 scriptis
930 3335 1169 3402 exscribendis
1184 3347 1417 3420 versarentur,

241 3453 468 3530 praemature
507 3444 603 3530 ipsos
641 3443 828 3530 deperisse.
888 3445 968 3529 Qua
1003 3444 1046 3510 de
1081 3463 1187 3510 causa
1222 3446 1418 3540 Varronem

241 3547 358 3636 ipsum
394 3572 465 3615 non
501 3549 611 3616 tuisse
644 3551 735 3637 Lydi
772 3539 951 3638 auctorem
981 3547 1123 3640 videtur
1151 3549 1237 3617 mihi
1267 3551 1417 3638 probari.

242 3655 366 3722 Nihilo
389 3667 507 3723 autem
534 3657 652 3724 minus
675 3656 917 3725 Varroniauae
941 3658 1121 3724 doctrinae
1146 3657 1299 3744 vestigia
1315 3657 1359 3723 ab
1376 3641 1419 3724 eo

259 3893 260 3896 Ἴ
355 3907 437 3994 ¹)1..
460 3913 607 3980 Krannon
636 3913 674 3971 de
704 3913 746 3970 M.
768 3914 838 3971 Ter.
863 3914 1005 3972 Varronis
1028 3913 1196 3992 antiquitat
1219 3915 1285 3972 rer.
1298 3916 1421 3972 human.

243 4009 277 4058 et
299 4001 389 4060 divin.
412 4001 495 4060 libris
518 4001 595 4072 XLI,
618 4002 686 4060 Hal.
710 4001 779 4062 Sax.
805 4001 889 4064 1834
913 4022 943 4079 p.
966 4001 1024 4071 29;
1048 4002 1133 4062 Kahl
1156 4001 1187 4060 in
1202 4003 1347 4080 Philologi
1362 4005 1421 4060 vol.

244 4093 341 4166 suppl
366 4091 392 4146 V
416 4109 446 4166 p.
469 4090 533 4152 746
557 4098 619 4149 not.
643 4090 700 4159 733
726 4093 802 4150 haec
825 4093 927 4158 verba,
950 4100 984 4149 nt
1006 4092 1123 4167 opinor,
1145 4110 1206 4152 non
1229 4099 1313 4178 recte
1328 4093 1422 4185 interf

243 4186 381 4254 pretatur
404 4188 452 4237 est
473 4181 497 4242 1.
521 4180 568 4242 Fr.
593 4181 731 4239 Schultre
755 4182 774 4238 l.
797 4199 825 4239 c.
839 4200 877 4257 p.
900 4179 943 4241 35
967 4199 1013 4256 sq.
1286 4174 1288 4179 ’

354 4303 380 4380 ²)
402 4305 433 4361 in
457 4313 621 4363 comment.
645 4307 675 4362 in
699 4307 805 4364 honor.
827 4307 884 4364 Th.
907 4306 1090 4378 Mommseni
1114 4326 1143 4382 p.
1167 4303 1231 4365 545
1254 4303 1300 4380 sq'.
