3418 4954
219 585 363 654 tricenis
371 585 607 652 censebantur
617 583 752 666 diebus,

219 704 257 761 et
279 691 470 779 quintanas
494 695 617 760 Nonas
649 691 754 758 habe·

220 801 314 882 bant,
331 820 373 866 ac
387 809 468 886 post
489 799 574 865 idus
589 797 627 864 in
643 798 752 864 omui-

220 908 287 973 bus
299 905 564 993 a.d.septimum
576 904 753 972 decimum

223 1013 403 1080 Kalendas
471 1012 753 1099 computabatur.

220 1117 252 1184 7.
297 1119 444 1186 Martius
503 1141 587 1186 vero
639 1118 754 1185 Maius

221 1224 438 1311 Quintiliset
448 1227 602 1294 October
610 1226 686 1293 dies
696 1226 754 1292 tri·

221 1355 330 1399 cenos
342 1333 504 1419 singulos
514 1333 754 1421 possidebant.

222 1443 348 1507 Nonae
382 1440 418 1506 in
454 1441 509 1506 his
536 1440 755 1528 septimanae

222 1559 332 1630 erant,
345 1547 575 1634 similiterque.
583 1547 755 1634 postldus

222 1655 342 1720 decem
380 1667 416 1722 et
450 1668 585 1742 septem
614 1654 690 1720 dies
717 1652 754 1718 in

222 1761 376 1848 singulis
406 1783 517 1849 usque
541 1761 584 1827 ad
610 1781 756 1846 sequen·

224 1876 278 1934 tes
311 1869 493 1935 Kalendas
527 1867 755 1954 putabantur,

223 1976 285 2041 sed
297 1978 393 2042 solus
400 1975 612 2042 Februarius
625 1972 756 2060 viginti

224 2093 261 2150 et
283 2093 363 2149 octo
385 2081 534 2148 retinuit
548 2080 631 2164 dies,
656 2080 756 2166 quasi

223 2189 346 2255 inieris
370 2198 407 2256 et
429 2187 626 2255 deminutio
643 2198 679 2255 et
694 2208 757 2274 par

160 2300 163 2308 ’
224 2318 393 2363 numerus
416 2295 628 2363 conveniret

368 3137 520 3202 Maerob.
538 3135 611 3202 114

225 3280 250 3322 a.
277 3267 356 3343 post
394 3261 462 3324 hoc
500 3260 660 3328 imitatus
699 3268 759 3344 (sc.

228 3363 370 3444 Caesar)
408 3365 619 3452 Aegyptios,
666 3368 759 3434 solos

227 3469 428 3538 divinarum
502 3493 619 3538 rerum
688 3495 761 3540 om·

228 3576 325 3643 nium
367 3578 526 3644 conscios
562 3579 604 3644 ad
641 3601 761 3645 nume-

228 3704 306 3748 rum
330 3685 428 3766 solis,
458 3684 518 3771 qui
550 3685 675 3752 diebus
705 3685 761 3751 tri·

229 3789 324 3855 cenis
368 3792 556 3877 sexaginta
603 3791 760 3879 quinque

230 3907 266 3962 et
288 3900 486 3983 quadrante
509 3921 652 3966 cursum
681 3921 761 3965 con·

229 4002 313 4085 ficit,
348 4026 480 4097 annum
506 4006 659 4091 dirigere
682 4027 761 4072 con·

230 4110 355 4176 tendit.

228 4347 255 4390 ι.
273 4324 385 4390 Iulius
402 4346 489 4411 ergo
502 4326 628 4392 Caesar
640 4328 760 4393 decem

861 584 928 652 καλ·
956 574 1094 667 Ἰούνιον,
1131 582 1295 665 Σεξτίλιον
1339 592 1404 652 Σε-

862 681 1050 779 πτέμβριον
1056 681 1131 758 ἇπὸ
1141 688 1233 758 ἐννέα
1244 691 1301 759 καὶ
1310 689 1399 759 εἴκο-

862 821 917 867 σιν
940 789 1067 887 ἡμερῶν
1089 791 1128 863 τι)
1150 795 1259 865 πάλαι
1275 800 1395 884 λαχεῖν,

864 904 1018 993 Μάρτιον
1040 901 1291 986 dimittinius,
1317 913 1398 972 Κιν-

862 1001 987 1080 τίλλιόν
1003 1012 1103 1078 τεκαὶ
1113 1001 1311 1098 Ὀκτώβριον
1322 1001 1396 1078 οἷπό

863 1125 946 1206 μιᾶς
990 1119 1046 1186 καὶ
1084 1116 1268 1206 τριάκοντα,
1315 1111 1399 1187 ὅθεν

863 1219 939 1307 τούς
977 1216 1050 1293 οἷπό
1085 1225 1176 1292 ἐννέα
1210 1226 1264 1293 καὶ
1292 1223 1397 1294 εἷ’κοσι

863 1325 994 1424 ἡμερῶν
1017 1331 1174 1412 ἕλκοντας
1196 1331 1399 1419 πεμπταίας

864 1439 950 1525 ἔχειν
972 1433 1034 1518 τὰς
1049 1437 1169 1519 Νώνας
1184 1430 1230 1520 ὦς
1246 1442 1399 1531 σεληνια-

864 1546 949 1630 κοῦς,
971 1542 1049 1626 τούς
1071 1547 1108 1613 δὲ
1136 1537 1209 1612 ἀπὸ
1237 1553 1321 1631 μιᾶς
1342 1548 1398 1614 καὶ

863 1652 1041 1741 τριάκοντα
1108 1650 1290 1738 ἑβδομαίας
1354 1647 1399 1734 (ὃς

866 1752 1037 1851 ἡλιακοῦς·
1055 1756 1113 1826 τὸν
1125 1760 1162 1827 δὲ
1176 1761 1400 1848 Φεβρουάριον

865 1866 1026 1958 ἐπίτηδες
1092 1861 1170 1947 τοῦς
1234 1866 1401 1948 enimi-4·

865 1975 1060 2056 ἐλαττῶσαι,
1090 1969 1214 2065 ἐπειδὴ
1236 1981 1312 2054 ταῖς
1333 1981 1401 2041 τῶν

865 2079 1097 2166 καταχθονίων
1109 2080 1239 2166 ἑορταῖς
1248 2079 1400 2172 φαίνεται

842 2252 843 2256 ,
867 2182 955 2276 πρὸς
966 2194 1024 2254 τοῦ
1037 2185 1150 2276 ἱερέως
1161 2193 1280 2273 Νουμᾶ
1290 2213 1401 2276 παρα-

865 2295 1034 2385 χωρηθεὶς
1055 2295 1112 2361 καὶ
1135 2284 1174 2360 οὗ
1200 2291 1337 2380 θεμιτὸν
1352 2287 1400 2386 ἢν,

866 2398 924 2469 λ’σα
946 2407 1018 2480 τοῖς
1042 2391 1206 2488 οὖρανίοις
1229 2393 1330 2469 αι’τόν
1351 2429 1401 2470 τι-

865 2513 1009 2592 μᾶσθαι,
1038 2515 1228 2598 μειιιθῇναι
1257 2510 1293 2577 δὲ
1316 2513 1401 2594 μᾶλ-

867 2617 924 2682 λον
979 2611 1037 2681 τὸν
1081 2618 1193 2683 τοῖσδε
1240 2612 1278 2682 τό
1327 2624 1400 2684 πᾶν

867 2722 1038 2789 ἐλαττοῦσι
1072 2721 1223 2807 χθονίοις
1251 2725 1400 2814 ἀφωρισ-

814 2815 818 2929 Ι
865 2829 966 2914 μένον
988 2829 1042 2907 (cf.
1059 2831 1190 2916 supra).
1270 2885 1276 2897 .

1087 3133 1174 3216 Lyd.

869 3259 950 3340 111,s
991 3259 1038 3344 (p.
1066 3253 1160 3343 40,s):
1202 3264 1334 3345 Καῖσαρ
1366 3259 1403 3324 δὲ

867 3358 1001 3450 λοτερον
1024 3355 1042 3430 ὁ
1067 3371 1100 3430 Γ
1096 3361 1171 3443 άϊος
1196 3365 1232 3430 ἐκ
1254 3371 1315 3453 τῆς
1337 3371 1403 3431 τῶν

867 3469 1071 3561 Αἰγυπτίων
1081 3472 1220 3560 διδαχῆς
1230 3469 1401 3552 διετάξατο

870 3575 926 3644 τόν
959 3603 995 3644 τε
1032 3573 1148 3664 χρόνον
1186 3571 1270 3644 εἶναι
1310 3605 1403 3664 τρια-

868 3684 990 3752 κοσιίον
1023 3682 1180 3774 ἑξήκοντα
1217 3685 1318 3752 πέντε
1351 3711 1404 3753 τε-

868 3791 987 3878 τάρτου
998 3784 1134 3880 ἡμερῶν,
1146 3791 1202 3858 καὶ
1214 3785 1291 3872 τοὺς
1298 3799 1405 3882 μῆνας

869 3893 945 3978 τοὺς
959 3899 1020 3984 μὲν
1036 3889 1109 3966 ἀπὸ
1126 3897 1302 3986 τριάκοντα
1318 3897 1405 3984 ἔχειν

869 3997 1007 4097 ἡμερῶν,
1035 4001 1113 4085 τούς
1140 4006 1177 4074 δὲ
1207 3997 1281 4073 virui
1309 4003 1405 4092 τριά-

869 4138 968 4179 κοντα
996 4109 1078 4194 ἑνός,
1108 4105 1165 4178 τὸν
1192 4113 1229 4178 δὲ
1261 4117 1405 4198 Φεβρου-

871 4217 968 4308 άριον
990 4207 1193 4286 εἰκοσιοκτώ.

871 4329 955 4408 ΙΙΙ,ο
972 4320 1137 4411 (p.40,21):
1155 4315 1255 4390 αὐτὸν
1271 4326 1330 4410 (sc.
1347 4317 1406 4390 τὸν
