3418 4954
796 313 1015 382 ..58-

321 528 450 618 pilator
474 552 494 596 a
512 527 711 596 Philoniani
728 529 882 597 auctoris
899 530 1058 598 doctrina
1075 529 1234 598 discedat
1249 539 1498 617 cognoscatur;

320 635 358 710 in
387 638 489 719 111,u
517 635 637 721 Lydus
672 635 751 723 agit
778 636 821 703 de
850 636 1025 704 tricenarii
1055 637 1193 704 numeri
1226 646 1363 719 natura,
1387 659 1494 725 quam

322 742 596 831 explicationem
624 763 704 809 cum
736 742 953 810 Philonianis
982 743 1100 811 verbis
1122 743 1159 810 in
1184 743 1273 810 libro
1297 746 1361 828 lI,s
1391 747 1500 829 Quae·

320 850 471 916 stionum
500 851 539 915 in
572 850 721 916 Genesin
748 849 919 937 inscripto
945 852 1103 918 conferre
1132 850 1223 918 lieet.
1271 852 1349 918 Hos
1377 861 1497 921 autem

323 955 480 1024 Philonis
514 956 622 1023 libros
650 956 789 1024 etiamsi
820 979 892 1025 non
916 957 1072 1025 Graecos
1096 968 1266 1040 servatos,
1290 958 1351 1024 sed
1375 957 1412 1025 in
1436 961 1499 1025 Ar·

322 1063 480 1131 menium
505 1085 702 1142 sermonem
726 1064 916 1132 translatos
932 1065 977 1132 ad
995 1085 1121 1132 manus
1137 1074 1277 1131 nostras
1293 1064 1498 1152 pervenisse

321 1170 514 1237 dolendum
538 1180 601 1254 est,
626 1180 743 1237 tamen
766 1170 851 1238 huic
868 1171 1019 1238 versioni
1038 1171 1235 1256 Armeniae,
1259 1171 1391 1260 quippe
1407 1157 1498 1259 quae

322 1276 488 1364 originali
517 1277 632 1345 textui
660 1278 781 1345 stricte
806 1278 1070 1346 accommodata
1094 1277 1176 1363 sit‚¹)
1205 1277 1282 1344 sine
1305 1279 1378 1345 ulla
1401 1279 1501 1345 dubi·

323 1384 457 1453 tatione
477 1383 585 1451 fidem
602 1385 733 1451 habere
748 1406 947 1472 possumus,
970 1385 1136 1473 idemque
1161 1385 1289 1453 cadit
1280 1407 1317 1451 m
1333 1384 1498 1453 Latinam

322 1492 589 1560 translationem
614 1493 659 1557 ab
676 1492 840 1559 Auchero
864 1492 1005 1559 iactam.
1010 1496 1033 1573 ²)
1073 1495 1115 1558 Iu
1132 1502 1281 1604 utroque
1298 1502 1498 1559 commento

321 1599 390 1666 hoc
412 1599 582 1687 scriptum
605 1598 781 1666 videmus.

368 1759 455 1846 Lyd
472 1761 565 1843 111,u
584 1759 632 1848 (p
649 1756 824 1847 utro-1⁴)

322 1873 374 1952 ότι
414 1874 431 1950 ὁ
480 1882 655 1973 τριάκοντα
707 1875 857 1973 ἇριθμός

321 1987 551 2082 φυσικώτατός
574 1991 677 2075 ἔστιν,
701 2017 718 2059 o
743 1985 807 2081 γὰρ
824 1992 858 2059 ἕν

320 2096 442 2186 μονάσι
456 2097 560 2188 τριάς,
579 2104 676 2166 τοῦτο
690 2099 725 2166 ἐν
737 2097 856 2168 denunt

321 2202 539 2295 τριακοντᾶς·
574 2204 653 2274 ἐπεὶ
676 2207 732 2274 καὶ
757 2232 774 2274 ο
798 2211 858 2275 τοῦ

321 2305 426 2405 μηνὸς
460 2311 576 2392 uiator
605 2313 837 2438 συνέστηκεν
822 2340 858 2381 εκ

321 2417 493 2509 τεσσάρων
524 2427 590 2488 τῶν
613 2412 687 2488 ἀπὸ
709 2418 858 2508 μονάδος

322 2525 398 2616 εξῆς
418 2525 639 2617 τετραγώνων,
657 2555 679 2596 α
681 2525 737 2597 ”δ
753 2526 790 2597 θ’
808 2555 859 2611 ις,

324 2625 406 2703 ὅθεν
429 2625 488 2703 οὖν
511 2624 585 2702 rino
610 2641 742 2704 σκοποῦ
758 2626 859 2724 Ἡρά-

322 2744 452 2822 κλειτος
463 2734 576 2832 γενεὰν
582 2735 640 2808 τὸν
649 2747 740 2832 μῆνα
752 2745 857 2811 καλεῖ.
875 2813 878 2822 ,

1060 1749 1064 1757 “
1104 1758 1189 1826 Phil.
1213 1759 1234 1825 l.
1258 1781 1286 1827 c.
1312 1762 1375 1844 11,⁵

966 1882 1142 1978 Triginta.
1156 1883 1315 1971 apprime
1338 1886 1499 1976 naturale

967 2000 1034 2073 est3
1058 1989 1268 2058 sicutenim
1292 1991 1330 2059 in
1352 1991 1499 2060 unitatis

967 2097 1058 2163 serie
1093 2097 1207 2164 trinus
1242 2108 1296 2164 est
1331 2119 1500 2166 numerus

966 2205 1017 2270 ita
1042 2203 1077 2269 in
1099 2205 1252 2272 denariis
1269 2204 1426 2292 triginta,
1450 2205 1501 2272 id·

969 2333 1038 2399 que
1065 2312 1172 2390 lunae
1195 2314 1315 2398 cyclus
1340 2312 1499 2379 collectio

966 2418 1190 2504 singulorum
1209 2419 1382 2508 mensium
1396 2420 1499 2507 plena

967 2525 1212 2593 delineatione.
1236 2527 1394 2620 secundo
1409 2548 1502 2592 com·

967 2632 1112 2720 ponitur
1147 2656 1191 2700 ex
1224 2644 1392 2728 quattuor
1421 2657 1503 2702 con·

968 2739 1166 2808 tinuatione
1196 2740 1345 2808 unitatis
1373 2741 1501 2830 horum

926 2935 929 2944 1
968 2848 1294 2935 quadrangulorum
1312 2850 1340 2932 Ι.
1358 2850 1418 2917 IV.
1436 2851 1501 2918 IX.

968 2957 1056 3022 XVI
1091 2939 1245 3046 triginta
1286 2955 1502 3043 constituenq

969 3061 1072 3129 tibus.
1102 3062 1196 3129 unde
1225 3063 1296 3129 non
1325 3063 1437 3148 gratis
1460 3084 1502 3130 ac

970 3170 1100 3236 trustra
1130 3169 1334 3237 Heraclitus
1357 3192 1503 3257 genera-

970 3276 1103 3344 tionem
1127 3277 1162 3344 id
1181 3278 1340 3348 vocavit.

332 3453 334 3456 ’
411 3453 415 3458 ’“
431 3439 485 3506 Ad
509 3439 573 3505 has
598 3438 775 3506 tricenarii
792 3438 930 3504 numeri
952 3438 1214 3525 explicationes,
1239 3460 1330 3526 quae
1347 3437 1413 3505 etsi
1429 3459 1502 3504 non

323 3568 370 3630 re,
400 3555 518 3613 tamen
544 3545 660 3613 verbis
684 3567 705 3611 a
730 3544 947 3612 Philonianis
971 3556 1092 3631 aperte
1107 3545 1309 3629 discedunt,
1338 3566 1403 3611 suo
1426 3544 1502 3611 iure

324 3655 354 3720 I.
378 3652 621 3738 Bernaysius³)
644 3652 733 3719 haec
757 3652 916 3719 adnotat:
944 3653 1038 3736 „Aus
1063 3651 1125 3718 der
1147 3650 1416 3738 Vergleichung
1436 3650 1502 3717 des

324 3758 580 3826 Armenischen
597 3757 714 3844 ergibt
730 3758 815 3842 sich,
832 3759 901 3886 dall
916 3758 979 3826 der
995 3760 1191 3846 Excerptor
1207 3758 1351 3824 erstlich
1367 3745 1500 3838 inaura,

435 3941 459 4021 ¹)
482 3944 521 4001 de
545 3945 603 4000 hac
619 3943 762 4001 Armenia
784 3943 923 4001 versione
939 3944 1095 4001 Auchems
1118 3945 1201 4018 quod
1224 3942 1370 4000 iudicium
1393 3941 1504 4020 tulerit,

324 4032 468 4117 scriptum
490 4033 575 4112 legas
598 4033 680 4110 apud
704 4031 887 4091 Cohnium
878 4051 909 4090 m
932 4033 1047 4110 proleg.
1071 4033 1111 4091 ad
1133 4033 1192 4090 vol.
1214 4031 1229 4090 1
1250 4051 1281 4108 p.
1296 4031 1374 4090 LlIL
1496 4089 1499 4092 .

407 4121 459 4198 ²)
483 4123 640 4180 Aucherue
674 4121 725 4180 ille
759 4120 952 4180 doctissimus
979 4121 1141 4199 superioris
1169 4121 1284 4180 saeculi
1311 4119 1396 4179 initio
1424 4107 1505 4178 hanc

325 4211 500 4269 Armeniam
524 4211 784 4270 translationem
776 4229 807 4269 ru
830 4211 962 4286 linguam
985 4209 1123 4269 Latinam
1148 4209 1303 4270 convertit.

434 4299 460 4377 ³)
485 4300 506 4358 l.
530 4301 669 4377 Bernays‚
693 4299 766 4359 Ges.
789 4301 1031 4377 Abhan'dlungen
1054 4302 1112 4358 vol.
1130 4299 1154 4357 l
1172 4320 1201 4376 p.
1219 4295 1261 4360 53
1285 4305 1348 4357 not.
1368 4298 1395 4357 1.
