3398 4952
803 310 1001 380 ...6.-

321 530 407 600 nihil
444 529 540 598 aliud
574 528 643 596 nisi
676 527 935 617 disputationes
969 529 1013 596 de
1048 528 1241 617 primorum
1270 530 1487 599 advenarum

320 638 451 707 fabulis
476 636 587 706 veluti
607 637 651 704 de
667 636 845 722 Euandro,
869 636 985 722 Ulixe,
1009 637 1189 722 Diomede,
1212 639 1364 724 Ausone,
1382 637 1489 724 Circa,

320 749 440 814 Aenea
464 753 571 832 atque
593 744 637 811 de
659 743 709 812 eis
725 744 830 812 rebus
847 765 934 832 quas
949 744 1001 812 illi
1017 744 1054 811 in
1071 744 1211 812 Italiam
1227 745 1488 830 transtulerant,

321 855 365 923 de
395 852 670 939 magistratuum
700 851 924 940 militumque
952 851 1154 939 insignibus
1183 859 1219 918 et
1247 853 1488 920 Romanorum

320 959 604 1029 institutionibus
639 959 690 1026 ita
724 959 913 1047 protulisse
947 960 1103 1047 adparet,
1138 967 1178 1026 ut
1211 957 1270 1026 hic
1297 959 1385 1027 liber
1413 981 1489 1028 esse

321 1069 431 1137 totius
448 1067 563 1155 operis
579 1066 799 1154 prooemium
816 1066 994 1156 quoddam
1010 1066 1186 1150 videatur;
1204 1066 1342 1134 ethaeo
1359 1067 1490 1136 coniec-

321 1185 401 1244 tura
417 1197 459 1243 eo
475 1173 713 1258 confirmatur,
734 1174 828 1261 quod
845 1173 920 1241 eius
937 1174 1062 1241 titulus
1079 1173 1123 1240 ab
1139 1173 1303 1241 omnibus
1321 1174 1490 1260 Lydianis

323 1281 615 1371 epitomatoribus
636 1281 742 1368 plane
758 1280 942 1350 omittitur.
989 1283 1113 1368 ltaque
1128 1280 1165 1347 in
1181 1280 1279 1349 libris
1296 1283 1343 1368 II,
1359 1283 1423 1366 III,
1439 1284 1490 1350 IV

322 1398 433 1458 totam
467 1390 539 1456 fere
574 1388 619 1455 de
653 1387 871 1475 temporibus
904 1387 1190 1477 explanationem
1219 1391 1388 1456 Ioannem
1416 1410 1491 1476 per-

320 1497 444 1564 fecisse
466 1496 535 1584 ipsi
558 1496 685 1563 horum
709 1494 878 1564 librorum
902 1496 998 1564 tituli
1020 1504 1204 1581 testantur,
1228 1515 1314 1582 quos
1331 1505 1490 1564 servatos

321 1626 398 1672 esse
425 1603 588 1672 videmus
616 1602 653 1670 in
681 1603 885 1671 recensione
913 1625 1004 1691 quae
1027 1611 1175 1671 vocatur
1200 1603 1388 1670 Barberina
1411 1625 1490 1691 qua,

321 1720 362 1780 ut
383 1711 461 1800 ipsa
484 1710 720 1798 Wuenschii1)
744 1711 852 1779 verba
874 1711 1028 1796 afferam,
1051 1711 1222 1796 „alterum
1237 1710 1366 1778 librum
1382 1710 1491 1778 fuisse

321 1818 401 1908 περὶ
436 1809 571 1910 ἡμέρας,
613 1818 757 1885 tertium
798 1818 880 1908 περὶ
917 1816 1032 1910 μηνός,
1070 1826 1235 1906 quartum
1270 1819 1312 1884 de
1344 1819 1466 1906 singul
1474 1819 1480 1830 '

321 1927 493 1993 mensibus
525 1925 785 2014 conscriptum“
819 1926 995 1994 docemur.
1053 1929 1237 1993 Praeterea
1270 1934 1390 1993 autem
1425 1926 1490 1993 hos

322 2043 392 2102 tres
425 2033 546 2118 libros,
581 2054 670 2121 quos
705 2033 824 2101 omnia
854 2034 1017 2119 Lydiana
1044 2033 1152 2101 verba
1180 2053 1287 2120 supra
1316 2033 1491 2120 exscripta

321 2141 527 2230 respiciunt,
563 2150 639 2209 arto
674 2141 766 2209 inter
793 2162 831 2208 se
859 2141 1066 2209 coniunctos
1094 2161 1172 2208 esse
1200 2141 1343 2208 vinculo
1376 2140 1491 2207 elucet

322 2272 394 2318 non
418 2249 523 2318 modo
547 2271 592 2316 ex
614 2249 692 2337 ipsa
715 2249 917 2337 argumenti
940 2249 1115 2317 affinitate
1138 2270 1246 2336 quam
1270 2249 1393 2334 Lydus
1415 2249 1491 2336 ipse

321 2357 462 2446 saepius
497 2357 684 2445 significat,
719 2357 781 2425 sed
810 2357 918 2426 etiam
946 2379 991 2425 ex
1019 2365 1094 2426 tota
1121 2349 1339 2445 disputandi
1354 2356 1491 2425 ratione

322 2473 429 2554 atque
443 2465 699 2554 disquisitionis
710 2464 838 2551 indole,
851 2488 957 2554 quam
971 2466 1137 2554 detegere
1150 2487 1244 2533 nunc
1255 2474 1416 2533 nostrum
1429 2473 1490 2532 est

429 2593 510 2657 Hac.
536 2591 572 2657 in
602 2613 639 2658 re
662 2592 877 2679 exploranda
904 2592 1006 2660 nobis
1029 2592 1198 2659 librorum
1221 2590 1365 2679 singula
1389 2611 1492 2678 argu·

322 2706 443 2765 menta
474 2698 628 2766 breviter
655 2699 833 2765 afferenda
856 2706 948 2779 sunt,
972 2698 1007 2765 id
1032 2698 1126 2786 quod
1151 2697 1416 2782 Wuenschius2)
1438 2720 1492 2765 ac-

323 2813 423 2874 turus
451 2806 495 2873 de
525 2804 686 2891 Lydiano
714 2804 827 2892 qualis
859 2805 944 2872 olim
972 2805 1080 2873 fuerit
1106 2804 1196 2872 libro
1224 2826 1295 2872 non
1323 2804 1491 2892 neglexit,

323 2921 358 2980 et
381 2935 402 2980 a
424 2913 513 2981 libro
537 2912 692 2980 secundo
714 2912 857 2979 initium
881 2912 1094 2980 sumendum
1119 2920 1182 2979 est.

428 3036 556 3107 Totius
585 3036 701 3126 operis
724 3037 872 3105 materia
896 3037 932 3105 in
957 3037 976 3128 ξ
999 3037 1017 3104 1
1043 3037 1199 3105 indicata
1221 3037 1343 3124 Lydus
1366 3038 1404 3105 in
1428 3042 1447 3123 ἓ
1470 3036 1491 3104 2

321 3147 368 3236 (p.
388 3143 482 3232 18,u)
506 3147 551 3213 ad
571 3145 812 3213 definiendum
829 3145 922 3212 diem
943 3146 1141 3214 naturalem
1158 3155 1195 3213 et
1209 3145 1246 3213 in
1262 3146 1491 3233 sequentibus

322 3254 483 3322 versibus
516 3253 559 3320 ad
590 3253 683 3321 diem
708 3253 849 3321 civilem
873 3253 1121 3341 explicandum
1151 3254 1244 3341 apud
1270 3253 1492 3339 Babylonios,

322 3361 519 3450 Aegyptios
549 3362 814 3450 Hebraeosque,
843 3362 1008 3447 Umbros,
1035 3360 1281 3447 Athenienses,
1311 3365 1492 3430 Romanos

322 3469 465 3538 accedit
512 3468 630 3557 Atque
658 3479 846 3557 postquam
875 3468 1091 3559 paragraphi
1120 3466 1141 3534 4
1168 3469 1271 3538 initio
1296 3468 1492 3536 Chaldaeos

323 3587 358 3645 et
385 3577 583 3665 Aegyptios
614 3576 808 3644 secundum
835 3577 1073 3646 hebdomades
1101 3576 1175 3645 dies
1204 3575 1407 3646 distinxisse
1436 3598 1492 3643 ex-

322 3685 443 3774 posuit
471 3707 491 3752 a
515 3685 737 3772 planetarum
762 3705 918 3769 numero,
946 3706 1095 3773 quarum
1120 3693 1219 3752 motu
1243 3705 1365 3751 omnes
1389 3693 1492 3751 tonos
1570 3749 1573 3762 ,

324 3792 416 3860 effici
444 3792 482 3858 in
510 3795 570 3877 II,a
600 3791 715 3876 docet,
743 3791 866 3876 Lydus
894 3792 938 3859 ad
967 3791 1191 3880 singulorum
1220 3790 1357 3859 dierum
1385 3790 1493 3879 signi-

323 3898 507 3967 ficationes
530 3920 739 3988 progressus
763 3899 800 3966 in
817 3901 876 3984 II,⁴
902 3921 923 3966 a
942 3899 1055 3987 primo
1077 3899 1248 3987 cuiusque
1263 3899 1493 3967 hebdomadis

323 4006 380 4074 die
407 4007 533 4095 incipit
560 4008 637 4075 fuse
665 4006 857 4096 expediens
880 4006 1044 4094 primum,
1067 4007 1161 4074 unde
1184 4007 1242 4075 hic
1265 4007 1341 4076 dies
1364 4027 1493 4076 nomen

324 4153 537 4168 *-

433 4205 500 4295 1)Ι.
524 4229 550 4270 c.
574 4231 603 4288 p.
626 4211 788 4270 LXXVHI.

431 4299 454 4381 ²)
477 4302 496 4360 Ι.
520 4319 546 4360 c.
569 4321 598 4378 p.
621 4299 777 4360 LXXXII
800 4319 844 4380 sq.
