<?xml version="1.0" encoding="UTF-8"?>
<!DOCTYPE html PUBLIC "-//W3C//DTD XHTML 1.0 Transitional//EN"
    "http://www.w3.org/TR/xhtml1/DTD/xhtml1-transitional.dtd">
<html xmlns="http://www.w3.org/1999/xhtml" xml:lang="en" lang="en">
 <head>
  <title>
</title>
<meta http-equiv="Content-Type" content="text/html;charset=utf-8" />
  <meta name='ocr-system' content='tesseract 3.04.00' />
  <meta name='ocr-capabilities' content='ocr_page ocr_carea ocr_par ocr_line ocrx_word'/>
</head>
<body>
  <div class='ocr_page' id='page_1' title='image "./dejoannislauren00bluhgoog_0119.png"; bbox 0 0 3418 4954; ppageno 0'>
   <div class='ocr_carea' id='block_1_1' title="bbox 777 313 1018 392">
    <p class='ocr_par' dir='ltr' id='par_1_1' title="bbox 777 313 1018 392">
     <span class='ocr_line' id='line_1_1' title="bbox 777 313 1018 392; baseline 0.017 -28"><span class='ocrx_word' id='word_1_1' title='bbox 777 313 1018 392; x_wconf 70' lang='lat'>...108-</span> 
     </span>
    </p>
   </div>
   <div class='ocr_carea' id='block_1_2' title="bbox 245 528 1499 3822">
    <p class='ocr_par' dir='ltr' id='par_1_2' title="bbox 245 528 1499 3822">
     <span class='ocr_line' id='line_1_2' title="bbox 316 528 1489 616; baseline 0 -20"><span class='ocrx_word' id='word_1_2' title='bbox 316 537 443 616; x_wconf 78' lang='lat' dir='ltr'>tamen.</span> <span class='ocrx_word' id='word_1_3' title='bbox 494 531 537 594; x_wconf 88' lang='lat' dir='ltr'>M.</span> <span class='ocrx_word' id='word_1_4' title='bbox 558 528 923 614; x_wconf 59' lang='lat' dir='ltr'>Schmidtiusbenim</span> <span class='ocrx_word' id='word_1_5' title='bbox 951 528 1145 596; x_wconf 86' lang='lat' dir='ltr'>Philoxeno</span> <span class='ocrx_word' id='word_1_6' title='bbox 1170 530 1404 616; x_wconf 90' lang='lat' dir='ltr'>grammatico</span> <span class='ocrx_word' id='word_1_7' title='bbox 1429 553 1489 596; x_wconf 90' lang='lat' dir='ltr'>eas</span> 
     </span>
     <span class='ocr_line' id='line_1_3' title="bbox 314 623 1492 722; baseline 0 -18"><span class='ocrx_word' id='word_1_8' title='bbox 314 634 433 722; x_wconf 75' lang='lat' dir='ltr'>deberi</span> <span class='ocrx_word' id='word_1_9' title='bbox 469 636 634 722; x_wconf 83' lang='lat' dir='ltr'>opinatur</span> <span class='ocrx_word' id='word_1_10' title='bbox 651 623 784 717; x_wconf 65' lang='lat' dir='ltr'>⁸simile</span> <span class='ocrx_word' id='word_1_11' title='bbox 811 636 1049 722; x_wconf 74' lang='lat' dir='ltr'><strong>fragmentum</strong></span> <span class='ocrx_word' id='word_1_12' title='bbox 1087 636 1245 709; x_wconf 84' lang='lat' dir='ltr'>afferens.</span> <span class='ocrx_word' id='word_1_13' title='bbox 1282 637 1374 722; x_wconf 90' lang='lat' dir='ltr'>quod</span> <span class='ocrx_word' id='word_1_14' title='bbox 1404 638 1492 704; x_wconf 91' lang='lat' dir='ltr'>Orio</span> 
     </span>
     <span class='ocr_line' id='line_1_4' title="bbox 315 741 1492 826; baseline 0.002 -18"><span class='ocrx_word' id='word_1_15' title='bbox 315 741 509 808; x_wconf 81' lang='lat' dir='ltr'>Thebanus</span> <span class='ocrx_word' id='word_1_16' title='bbox 538 764 558 808; x_wconf 90' lang='lat' dir='ltr'>e</span> <span class='ocrx_word' id='word_1_17' title='bbox 586 742 780 812; x_wconf 82' lang='lat' dir='ltr'>Philoxeno</span> <span class='ocrx_word' id='word_1_18' title='bbox 811 741 1001 808; x_wconf 87' lang='lat' dir='ltr'>arcessivit.</span> <span class='ocrx_word' id='word_1_19' title='bbox 1049 743 1165 826; x_wconf 80' lang='lat' dir='ltr'>Quam</span> <span class='ocrx_word' id='word_1_20' title='bbox 1196 743 1383 810; x_wconf 89' lang='lat' dir='ltr'>Schmidtii</span> <span class='ocrx_word' id='word_1_21' title='bbox 1414 765 1492 810; x_wconf 90' lang='lat' dir='ltr'>sen-</span> 
     </span>
     <span class='ocr_line' id='line_1_5' title="bbox 318 848 1489 934; baseline 0.001 -20"><span class='ocrx_word' id='word_1_22' title='bbox 318 848 464 915; x_wconf 87' lang='lat' dir='ltr'>tentiam</span> <span class='ocrx_word' id='word_1_23' title='bbox 484 848 629 934; x_wconf 80' lang='lat' dir='ltr'>egregie</span> <span class='ocrx_word' id='word_1_24' title='bbox 645 849 776 915; x_wconf 79' lang='lat' dir='ltr'>refutat</span> <span class='ocrx_word' id='word_1_25' title='bbox 792 851 816 914; x_wconf 91' lang='grc' dir='ltr'>Ι.</span> <span class='ocrx_word' id='word_1_26' title='bbox 835 848 892 919; x_wconf 87' lang='lat' dir='ltr'>Fr.</span> <span class='ocrx_word' id='word_1_27' title='bbox 908 849 1074 916; x_wconf 88' lang='lat' dir='ltr'>Schultze</span> <span class='ocrx_word' id='word_1_28' title='bbox 1090 849 1126 916; x_wconf 91' lang='lat' dir='ltr'>in</span> <span class='ocrx_word' id='word_1_29' title='bbox 1144 850 1239 915; x_wconf 87' lang='lat' dir='ltr'>hunc</span> <span class='ocrx_word' id='word_1_30' title='bbox 1255 850 1327 916; x_wconf 83' lang='lat' dir='ltr'>fere</span> <span class='ocrx_word' id='word_1_31' title='bbox 1344 851 1489 917; x_wconf 90' lang='lat' dir='ltr'>modum</span> 
     </span>
     <span class='ocr_line' id='line_1_6' title="bbox 316 954 1492 1044; baseline 0.001 -22"><span class='ocrx_word' id='word_1_32' title='bbox 316 954 517 1044; x_wconf 84' lang='lat' dir='ltr'>locutus²):.</span> <span class='ocrx_word' id='word_1_33' title='bbox 534 976 596 1038; x_wconf 60' lang='lat' dir='ltr'>„gx</span> <span class='ocrx_word' id='word_1_34' title='bbox 631 955 708 1021; x_wconf 88' lang='lat' dir='ltr'>loco</span> <span class='ocrx_word' id='word_1_35' title='bbox 735 955 836 1022; x_wconf 81' lang='lat' dir='ltr'>foede</span> <span class='ocrx_word' id='word_1_36' title='bbox 865 957 1019 1022; x_wconf 85' lang='lat' dir='ltr'>lacerato</span> <span class='ocrx_word' id='word_1_37' title='bbox 1047 955 1135 1023; x_wconf 86' lang='lat' dir='ltr'><strong>nihil</strong></span> <span class='ocrx_word' id='word_1_38' title='bbox 1165 977 1378 1042; x_wconf 69' lang='lat' dir='ltr'>cognoscere</span> <span class='ocrx_word' id='word_1_39' title='bbox 1406 957 1492 1024; x_wconf 89' lang='lat' dir='ltr'>licet</span> 
     </span>
     <span class='ocr_line' id='line_1_7' title="bbox 316 1061 1491 1156; baseline 0.003 -27"><span class='ocrx_word' id='word_1_40' title='bbox 316 1083 425 1156; x_wconf 89' lang='lat' dir='ltr'>quam</span> <span class='ocrx_word' id='word_1_41' title='bbox 456 1061 688 1128; x_wconf 86' lang='lat' dir='ltr'>Philoxenum</span> <span class='ocrx_word' id='word_1_42' title='bbox 718 1062 859 1142; x_wconf 88' lang='lat' dir='ltr'>dixisse,</span> <span class='ocrx_word' id='word_1_43' title='bbox 882 1062 1074 1148; x_wconf 83' lang='lat' dir='ltr'>dupliciter</span> <span class='ocrx_word' id='word_1_44' title='bbox 1104 1063 1237 1132; x_wconf 89' lang='lat' dir='ltr'>Maium</span> <span class='ocrx_word' id='word_1_45' title='bbox 1269 1062 1491 1132; x_wconf 87' lang='lat' dir='ltr'>denominari</span> 
     </span>
     <span class='ocr_line' id='line_1_8' title="bbox 317 1167 1495 1258; baseline -0.007 -16"><span class='ocrx_word' id='word_1_46' title='bbox 317 1191 421 1258; x_wconf 86' lang='lat' dir='ltr'>posse</span> <span class='ocrx_word' id='word_1_47' title='bbox 437 1178 500 1236; x_wconf 90' lang='lat' dir='ltr'>aut</span> <span class='ocrx_word' id='word_1_48' title='bbox 515 1191 536 1234; x_wconf 91' lang='lat' dir='ltr'>a</span> <span class='ocrx_word' id='word_1_49' title='bbox 552 1168 747 1246; x_wconf 88' lang='lat' dir='ltr'>maiestate,</span> <span class='ocrx_word' id='word_1_50' title='bbox 763 1167 797 1234; x_wconf 91' lang='lat' dir='ltr'>id</span> <span class='ocrx_word' id='word_1_51' title='bbox 814 1170 907 1254; x_wconf 91' lang='lat' dir='ltr'>quod</span> <span class='ocrx_word' id='word_1_52' title='bbox 923 1168 1113 1255; x_wconf 88' lang='lat' dir='ltr'>Calpurnio</span> <span class='ocrx_word' id='word_1_53' title='bbox 1132 1171 1320 1257; x_wconf 85' lang='lat' dir='ltr'>Pisoniap.</span> <span class='ocrx_word' id='word_1_54' title='bbox 1335 1171 1495 1240; x_wconf 65' lang='lat' dir='ltr'>Macron.</span> 
     </span>
     <span class='ocr_line' id='line_1_9' title="bbox 316 1267 1490 1364; baseline -0.003 -19"><span class='ocrx_word' id='word_1_55' title='bbox 316 1274 483 1361; x_wconf 80' lang='lat' dir='ltr'>sat.1‚12</span> <span class='ocrx_word' id='word_1_56' title='bbox 507 1297 540 1362; x_wconf 91' lang='lat' dir='ltr'>p.</span> <span class='ocrx_word' id='word_1_57' title='bbox 555 1267 637 1358; x_wconf 42' lang='lat'>,266</span> <span class='ocrx_word' id='word_1_58' title='bbox 656 1279 762 1341; x_wconf 89' lang='lat' dir='ltr'>Zeuu.</span> <span class='ocrx_word' id='word_1_59' title='bbox 788 1275 914 1357; x_wconf 87' lang='lat' dir='ltr'>arrisit,</span> <span class='ocrx_word' id='word_1_60' title='bbox 946 1286 1053 1348; x_wconf 86' lang='lat' dir='ltr'>anta</span> <span class='ocrx_word' id='word_1_61' title='bbox 1085 1277 1179 1344; x_wconf 90' lang='lat' dir='ltr'>Maia</span> <span class='ocrx_word' id='word_1_62' title='bbox 1215 1277 1371 1344; x_wconf 86' lang='lat' dir='ltr'>Atlantis</span> <span class='ocrx_word' id='word_1_63' title='bbox 1407 1277 1490 1364; x_wconf 85' lang='lat' dir='ltr'>lilia.</span> 
     </span>
     <span class='ocr_line' id='line_1_10' title="bbox 317 1382 1492 1470; baseline 0.001 -20"><span class='ocrx_word' id='word_1_64' title='bbox 317 1385 366 1450; x_wconf 80' lang='lat' dir='ltr'>At</span> <span class='ocrx_word' id='word_1_65' title='bbox 401 1383 522 1468; x_wconf 88' lang='lat' dir='ltr'>Lydus</span> <span class='ocrx_word' id='word_1_66' title='bbox 560 1383 804 1449; x_wconf 91' lang='lat' dir='ltr'>tantummodo</span> <span class='ocrx_word' id='word_1_67' title='bbox 840 1382 883 1462; x_wconf 87' lang='lat' dir='ltr'>de</span> <span class='ocrx_word' id='word_1_68' title='bbox 921 1382 1014 1456; x_wconf 84' lang='lat' dir='ltr'>Maia</span> <span class='ocrx_word' id='word_1_69' title='bbox 1049 1384 1235 1470; x_wconf 79' lang='lat' dir='ltr'>loquitur“,</span> <span class='ocrx_word' id='word_1_70' title='bbox 1296 1387 1370 1454; x_wconf 87' lang='lat' dir='ltr'>Iam</span> <span class='ocrx_word' id='word_1_71' title='bbox 1409 1406 1492 1451; x_wconf 88' lang='lat' dir='ltr'>vero</span> 
     </span>
     <span class='ocr_line' id='line_1_11' title="bbox 318 1488 1491 1576; baseline 0.002 -19"><span class='ocrx_word' id='word_1_72' title='bbox 318 1489 522 1558; x_wconf 86' lang='lat' dir='ltr'>Schultzius</span> <span class='ocrx_word' id='word_1_73' title='bbox 550 1489 697 1557; x_wconf 89' lang='lat' dir='ltr'>reicieus</span> <span class='ocrx_word' id='word_1_74' title='bbox 721 1488 908 1556; x_wconf 87' lang='lat' dir='ltr'>Schmidtii</span> <span class='ocrx_word' id='word_1_75' title='bbox 938 1489 1139 1576; x_wconf 89' lang='lat' dir='ltr'>opinionem</span> <span class='ocrx_word' id='word_1_76' title='bbox 1164 1491 1240 1557; x_wconf 88' lang='lat' dir='ltr'>sine</span> <span class='ocrx_word' id='word_1_77' title='bbox 1264 1489 1372 1558; x_wconf 89' lang='lat' dir='ltr'>dubio</span> <span class='ocrx_word' id='word_1_78' title='bbox 1396 1502 1491 1559; x_wconf 86' lang='lat' dir='ltr'>recte</span> 
     </span>
     <span class='ocr_line' id='line_1_12' title="bbox 316 1583 1491 1685; baseline 0.003 -22"><span class='ocrx_word' id='word_1_79' title='bbox 316 1596 576 1685; x_wconf 79' lang='lat' dir='ltr'>demonstravit</span> <span class='ocrx_word' id='word_1_80' title='bbox 596 1596 735 1680; x_wconf 91' lang='lat' dir='ltr'>Lydum</span> <span class='ocrx_word' id='word_1_81' title='bbox 758 1618 778 1662; x_wconf 90' lang='lat' dir='ltr'>a</span> <span class='ocrx_word' id='word_1_82' title='bbox 796 1583 936 1668; x_wconf 86' lang='lat' dir='ltr'>Latinis</span> <span class='ocrx_word' id='word_1_83' title='bbox 953 1596 1156 1664; x_wconf 88' lang='lat' dir='ltr'>auctoribus</span> <span class='ocrx_word' id='word_1_84' title='bbox 1181 1599 1346 1684; x_wconf 88' lang='lat' dir='ltr'>pendere.</span> <span class='ocrx_word' id='word_1_85' title='bbox 1386 1598 1491 1682; x_wconf 81' lang='lat' dir='ltr'>Quod</span> 
     </span>
     <span class='ocr_line' id='line_1_13' title="bbox 318 1702 1491 1790; baseline 0.003 -20"><span class='ocrx_word' id='word_1_86' title='bbox 318 1713 436 1777; x_wconf 88' lang='lat' dir='ltr'>autem</span> <span class='ocrx_word' id='word_1_87' title='bbox 466 1704 526 1770; x_wconf 90' lang='lat' dir='ltr'>ille</span> <span class='ocrx_word' id='word_1_88' title='bbox 561 1702 729 1789; x_wconf 85' lang='lat' dir='ltr'>Varronis</span> <span class='ocrx_word' id='word_1_89' title='bbox 766 1703 1005 1770; x_wconf 88' lang='lat' dir='ltr'>testimonium</span> <span class='ocrx_word' id='word_1_90' title='bbox 1042 1705 1134 1790; x_wconf 90' lang='lat' dir='ltr'>apud</span> <span class='ocrx_word' id='word_1_91' title='bbox 1165 1703 1396 1775; x_wconf 87' lang='lat' dir='ltr'>Censorinum</span> <span class='ocrx_word' id='word_1_92' title='bbox 1435 1705 1491 1773; x_wconf 91' lang='lat' dir='ltr'>vel</span> 
     </span>
     <span class='ocr_line' id='line_1_14' title="bbox 317 1809 1493 1898; baseline -0.003 -21"><span class='ocrx_word' id='word_1_93' title='bbox 317 1809 469 1898; x_wconf 85' lang='lat' dir='ltr'>Cornelii</span> <span class='ocrx_word' id='word_1_94' title='bbox 489 1810 664 1893; x_wconf 83' lang='lat' dir='ltr'>Labeonis</span> <span class='ocrx_word' id='word_1_95' title='bbox 687 1810 780 1897; x_wconf 90' lang='lat' dir='ltr'>apud</span> <span class='ocrx_word' id='word_1_96' title='bbox 801 1810 1017 1886; x_wconf 88' lang='lat' dir='ltr'>Macrobium</span> <span class='ocrx_word' id='word_1_97' title='bbox 1042 1810 1220 1880; x_wconf 88' lang='lat' dir='ltr'>advocans</span> <span class='ocrx_word' id='word_1_98' title='bbox 1244 1811 1330 1879; x_wconf 93' lang='lat' dir='ltr'>dicit</span> <span class='ocrx_word' id='word_1_99' title='bbox 1346 1833 1387 1882; x_wconf 88' lang='lat' dir='ltr'>ea</span> <span class='ocrx_word' id='word_1_100' title='bbox 1404 1812 1493 1876; x_wconf 87' lang='lat' dir='ltr'>veri.-</span> 
     </span>
     <span class='ocr_line' id='line_1_15' title="bbox 317 1915 1491 2006; baseline -0.001 -22"><span class='ocrx_word' id='word_1_101' title='bbox 317 1917 436 2006; x_wconf 92' lang='lat' dir='ltr'>loquia</span> <span class='ocrx_word' id='word_1_102' title='bbox 472 1917 527 1984; x_wconf 90' lang='lat' dir='ltr'>vel</span> <span class='ocrx_word' id='word_1_103' title='bbox 565 1939 609 1982; x_wconf 92' lang='lat' dir='ltr'>ex</span> <span class='ocrx_word' id='word_1_104' title='bbox 637 1915 806 1996; x_wconf 83' lang='lat' dir='ltr'>Varronis</span> <span class='ocrx_word' id='word_1_105' title='bbox 842 1918 898 1982; x_wconf 90' lang='lat' dir='ltr'>vel</span> <span class='ocrx_word' id='word_1_106' title='bbox 929 1939 972 1982; x_wconf 88' lang='lat' dir='ltr'>ex</span> <span class='ocrx_word' id='word_1_107' title='bbox 997 1917 1149 1984; x_wconf 92' lang='lat' dir='ltr'>Cornelii</span> <span class='ocrx_word' id='word_1_108' title='bbox 1180 1919 1366 1987; x_wconf 80' lang='lat' dir='ltr'>Labeonis.</span> <span class='ocrx_word' id='word_1_109' title='bbox 1382 1917 1491 1986; x_wconf 88' lang='lat' dir='ltr'>libris</span> 
     </span>
     <span class='ocr_line' id='line_1_16' title="bbox 317 2023 1490 2111; baseline 0 -19"><span class='ocrx_word' id='word_1_110' title='bbox 317 2025 475 2106; x_wconf 87' lang='lat' dir='ltr'>fluxisse,</span> <span class='ocrx_word' id='word_1_111' title='bbox 513 2024 545 2090; x_wconf 90' lang='lat' dir='ltr'>ei</span> <span class='ocrx_word' id='word_1_112' title='bbox 574 2023 741 2090; x_wconf 87' lang='lat' dir='ltr'>adsentiri</span> <span class='ocrx_word' id='word_1_113' title='bbox 761 2075 764 2080; x_wconf 90' lang='lat'><em>.</em></span> <span class='ocrx_word' id='word_1_114' title='bbox 782 2045 934 2109; x_wconf 80' lang='lat' dir='ltr'>neque03</span> <span class='ocrx_word' id='word_1_115' title='bbox 973 2045 1065 2090; x_wconf 87' lang='lat' dir='ltr'>narn·</span> <span class='ocrx_word' id='word_1_116' title='bbox 1092 2026 1231 2108; x_wconf 87' lang='lat' dir='ltr'>Lydum</span> <span class='ocrx_word' id='word_1_117' title='bbox 1267 2048 1338 2091; x_wconf 92' lang='lat' dir='ltr'>non</span> <span class='ocrx_word' id='word_1_118' title='bbox 1374 2025 1490 2111; x_wconf 87' lang='lat' dir='ltr'>ipsum</span> 
     </span>
     <span class='ocr_line' id='line_1_17' title="bbox 319 2130 1491 2219; baseline -0.002 -21"><span class='ocrx_word' id='word_1_119' title='bbox 319 2132 536 2219; x_wconf 85' lang='lat' dir='ltr'>excerpsisse</span> <span class='ocrx_word' id='word_1_120' title='bbox 576 2131 744 2198; x_wconf 91' lang='lat' dir='ltr'>Varronis</span> <span class='ocrx_word' id='word_1_121' title='bbox 783 2130 891 2212; x_wconf 85' lang='lat' dir='ltr'>libros</span> <span class='ocrx_word' id='word_1_122' title='bbox 930 2151 1037 2217; x_wconf 89' lang='lat' dir='ltr'>supra</span> <span class='ocrx_word' id='word_1_123' title='bbox 1076 2131 1304 2198; x_wconf 89' lang='lat' dir='ltr'>ostendimus.</span> <span class='ocrx_word' id='word_1_124' title='bbox 1374 2133 1491 2218; x_wconf 84' lang='lat' dir='ltr'>Atque</span> 
     </span>
     <span class='ocr_line' id='line_1_18' title="bbox 319 2237 1490 2330; baseline 0.001 -25"><span class='ocrx_word' id='word_1_125' title='bbox 319 2238 473 2330; x_wconf 65' lang='lat' dir='ltr'>Cornelii</span> <span class='ocrx_word' id='word_1_126' title='bbox 520 2238 694 2304; x_wconf 86' lang='lat' dir='ltr'>Labeonis</span> <span class='ocrx_word' id='word_1_127' title='bbox 741 2237 889 2324; x_wconf 84' lang='lat' dir='ltr'>quidem¹</span> <span class='ocrx_word' id='word_1_128' title='bbox 932 2237 1175 2304; x_wconf 90' lang='lat' dir='ltr'>testimouium</span> <span class='ocrx_word' id='word_1_129' title='bbox 1223 2238 1490 2307; x_wconf 86' lang='lat' dir='ltr'>Macrobianum</span> 
     </span>
     <span class='ocr_line' id='line_1_19' title="bbox 245 2345 1492 2433; baseline -0.001 -21"><span class='ocrx_word' id='word_1_130' title='bbox 245 2359 248 2363; x_wconf 89' lang='grc'><strong>’</strong></span> <span class='ocrx_word' id='word_1_131' title='bbox 319 2367 543 2433; x_wconf 88' lang='lat' dir='ltr'>nequaquam</span> <span class='ocrx_word' id='word_1_132' title='bbox 569 2346 722 2431; x_wconf 87' lang='lat' dir='ltr'>pertinet</span> <span class='ocrx_word' id='word_1_133' title='bbox 745 2345 789 2412; x_wconf 90' lang='lat' dir='ltr'>ad</span> <span class='ocrx_word' id='word_1_134' title='bbox 814 2345 1064 2431; x_wconf 90' lang='lat' dir='ltr'>explicandum</span> <span class='ocrx_word' id='word_1_135' title='bbox 1089 2345 1172 2410; x_wconf 92' lang='lat' dir='ltr'>Maii</span> <span class='ocrx_word' id='word_1_136' title='bbox 1197 2345 1328 2412; x_wconf 85' lang='lat' dir='ltr'>mensis</span> <span class='ocrx_word' id='word_1_137' title='bbox 1353 2367 1492 2428; x_wconf 87' lang='lat' dir='ltr'>nomen,</span> 
     </span>
     <span class='ocr_line' id='line_1_20' title="bbox 318 2450 1492 2538; baseline -0.003 -19"><span class='ocrx_word' id='word_1_138' title='bbox 318 2453 380 2528; x_wconf 86' lang='lat' dir='ltr'>sed</span> <span class='ocrx_word' id='word_1_139' title='bbox 416 2452 459 2519; x_wconf 91' lang='lat' dir='ltr'>ad</span> <span class='ocrx_word' id='word_1_140' title='bbox 496 2451 680 2536; x_wconf 82' lang='lat' dir='ltr'>mysticam</span> <span class='ocrx_word' id='word_1_141' title='bbox 716 2463 824 2538; x_wconf 89' lang='lat' dir='ltr'>atque</span> <span class='ocrx_word' id='word_1_142' title='bbox 858 2450 1083 2536; x_wconf 82' lang='lat' dir='ltr'>allegoricam</span> <span class='ocrx_word' id='word_1_143' title='bbox 1116 2452 1230 2518; x_wconf 90' lang='lat' dir='ltr'>Maiae</span> <span class='ocrx_word' id='word_1_144' title='bbox 1265 2453 1352 2518; x_wconf 89' lang='lat' dir='ltr'>deae</span> <span class='ocrx_word' id='word_1_145' title='bbox 1387 2452 1492 2520; x_wconf 82' lang='lat' dir='ltr'>inter-</span> 
     </span>
     <span class='ocr_line' id='line_1_21' title="bbox 319 2558 1493 2650; baseline 0.002 -26"><span class='ocrx_word' id='word_1_146' title='bbox 319 2558 552 2650; x_wconf 83' lang='lat' dir='ltr'>pretationem</span> <span class='ocrx_word' id='word_1_147' title='bbox 565 2558 621 2642; x_wconf 33' lang='lat' dir='ltr'>,ob</span> <span class='ocrx_word' id='word_1_148' title='bbox 644 2580 795 2644; x_wconf 87' lang='lat' dir='ltr'>eamque</span> <span class='ocrx_word' id='word_1_149' title='bbox 819 2579 971 2640; x_wconf 89' lang='lat' dir='ltr'>causam,</span> <span class='ocrx_word' id='word_1_150' title='bbox 996 2569 1036 2624; x_wconf 88' lang='lat' dir='ltr'>ut</span> <span class='ocrx_word' id='word_1_151' title='bbox 1053 2559 1224 2627; x_wconf 86' lang='lat' dir='ltr'>Wissowa</span> <span class='ocrx_word' id='word_1_152' title='bbox 1240 2571 1334 2626; x_wconf 89' lang='lat' dir='ltr'>recte</span> <span class='ocrx_word' id='word_1_153' title='bbox 1350 2560 1493 2626; x_wconf 52' lang='lat' dir='ltr'>demon*</span> 
     </span>
     <span class='ocr_line' id='line_1_22' title="bbox 320 2663 1492 2752; baseline 0 -21"><span class='ocrx_word' id='word_1_154' title='bbox 320 2663 484 2752; x_wconf 55' lang='lat' dir='ltr'>suavia),</span> <span class='ocrx_word' id='word_1_155' title='bbox 509 2687 552 2730; x_wconf 88' lang='lat' dir='ltr'>ex</span> <span class='ocrx_word' id='word_1_156' title='bbox 577 2665 821 2752; x_wconf 84' lang='lat' dir='ltr'>eodemionte</span> <span class='ocrx_word' id='word_1_157' title='bbox 846 2665 1040 2731; x_wconf 87' lang='lat' dir='ltr'>delibatum</span> <span class='ocrx_word' id='word_1_158' title='bbox 1066 2676 1128 2748; x_wconf 86' lang='lat' dir='ltr'>est,</span> <span class='ocrx_word' id='word_1_159' title='bbox 1152 2667 1209 2732; x_wconf 89' lang='lat' dir='ltr'>cui</span> <span class='ocrx_word' id='word_1_160' title='bbox 1226 2665 1492 2752; x_wconf 82' lang='lat' dir='ltr'>disquisitiones</span> 
     </span>
     <span class='ocr_line' id='line_1_23' title="bbox 320 2771 1491 2862; baseline -0.002 -24"><span class='ocrx_word' id='word_1_161' title='bbox 320 2771 581 2862; x_wconf 88' lang='lat' dir='ltr'>mythologicas</span> <span class='ocrx_word' id='word_1_162' title='bbox 606 2784 768 2857; x_wconf 90' lang='lat' dir='ltr'>acceptas</span> <span class='ocrx_word' id='word_1_163' title='bbox 784 2773 899 2836; x_wconf 79' lang='lat' dir='ltr'>refert.</span> <span class='ocrx_word' id='word_1_164' title='bbox 934 2775 1073 2858; x_wconf 76' lang='lat' dir='ltr'>ltaque</span> <span class='ocrx_word' id='word_1_165' title='bbox 1089 2772 1259 2844; x_wconf 90' lang='lat' dir='ltr'>Schultzii</span> <span class='ocrx_word' id='word_1_166' title='bbox 1281 2772 1409 2860; x_wconf 87' lang='lat' dir='ltr'>opini0,</span> <span class='ocrx_word' id='word_1_167' title='bbox 1424 2771 1491 2840; x_wconf 64' lang='lat' dir='ltr'>«cui</span> 
     </span>
     <span class='ocr_line' id='line_1_24' title="bbox 322 2876 1494 2965; baseline -0.005 -15"><span class='ocrx_word' id='word_1_168' title='bbox 322 2879 485 2964; x_wconf 87' lang='lat' dir='ltr'>Littius⁴)</span> <span class='ocrx_word' id='word_1_169' title='bbox 509 2900 622 2965; x_wconf 91' lang='lat' dir='ltr'>nuper</span> <span class='ocrx_word' id='word_1_170' title='bbox 645 2876 852 2959; x_wconf 88' lang='lat' dir='ltr'>adsentitur,</span> <span class='ocrx_word' id='word_1_171' title='bbox 876 2879 1094 2964; x_wconf 86' lang='lat' dir='ltr'>repudianda</span> <span class='ocrx_word' id='word_1_172' title='bbox 1119 2890 1180 2946; x_wconf 80' lang='lat' dir='ltr'>est</span> <span class='ocrx_word' id='word_1_173' title='bbox 1216 2880 1305 2963; x_wconf 83' lang='lat' dir='ltr'>Quis</span> <span class='ocrx_word' id='word_1_174' title='bbox 1323 2901 1407 2945; x_wconf 91' lang='lat' dir='ltr'>vero</span> <span class='ocrx_word' id='word_1_175' title='bbox 1422 2879 1494 2946; x_wconf 79' lang='lat' dir='ltr'>tuit</span> 
     </span>
     <span class='ocr_line' id='line_1_25' title="bbox 319 2985 1491 3072; baseline -0.002 -20"><span class='ocrx_word' id='word_1_176' title='bbox 319 2987 380 3071; x_wconf 86' lang='lat' dir='ltr'>ille</span> <span class='ocrx_word' id='word_1_177' title='bbox 409 2986 561 3056; x_wconf 91' lang='lat' dir='ltr'>Latinus</span> <span class='ocrx_word' id='word_1_178' title='bbox 596 2987 738 3052; x_wconf 85' lang='lat' dir='ltr'>auctor?</span> <span class='ocrx_word' id='word_1_179' title='bbox 783 2987 863 3070; x_wconf 81' lang='lat' dir='ltr'>Qua</span> <span class='ocrx_word' id='word_1_180' title='bbox 898 2986 935 3050; x_wconf 89' lang='lat' dir='ltr'>in</span> <span class='ocrx_word' id='word_1_181' title='bbox 971 3009 1008 3051; x_wconf 87' lang='lat' dir='ltr'>re</span> <span class='ocrx_word' id='word_1_182' title='bbox 1043 2985 1263 3072; x_wconf 88' lang='lat' dir='ltr'>expedienda</span> <span class='ocrx_word' id='word_1_183' title='bbox 1292 2987 1491 3053; x_wconf 84' lang='lat' dir='ltr'>Schultzius</span> 
     </span>
     <span class='ocr_line' id='line_1_26' title="bbox 320 3082 1493 3182; baseline -0.003 -22"><span class='ocrx_word' id='word_1_184' title='bbox 320 3094 397 3182; x_wconf 86' lang='lat' dir='ltr'>ipse</span> <span class='ocrx_word' id='word_1_185' title='bbox 421 3093 515 3160; x_wconf 90' lang='lat' dir='ltr'>viam</span> <span class='ocrx_word' id='word_1_186' title='bbox 541 3114 611 3180; x_wconf 91' lang='lat' dir='ltr'>qua</span> <span class='ocrx_word' id='word_1_187' title='bbox 635 3093 679 3158; x_wconf 91' lang='lat' dir='ltr'>ad</span> <span class='ocrx_word' id='word_1_188' title='bbox 703 3094 837 3160; x_wconf 90' lang='lat' dir='ltr'>iustum</span> <span class='ocrx_word' id='word_1_189' title='bbox 860 3082 970 3158; x_wconf 39' lang='lat' dir='ltr'>‘linem</span> <span class='ocrx_word' id='word_1_190' title='bbox 989 3082 1216 3179; x_wconf 68' lang='lat' dir='ltr'>pervenimus</span> <span class='ocrx_word' id='word_1_191' title='bbox 1234 3093 1379 3179; x_wconf 85' lang='lat' dir='ltr'>egregie</span> <span class='ocrx_word' id='word_1_192' title='bbox 1396 3114 1493 3159; x_wconf 82' lang='lat' dir='ltr'>mou-</span> 
     </span>
     <span class='ocr_line' id='line_1_27' title="bbox 320 3199 1492 3292; baseline -0.002 -26"><span class='ocrx_word' id='word_1_193' title='bbox 320 3199 447 3292; x_wconf 87' lang='lat' dir='ltr'>stravit</span> <span class='ocrx_word' id='word_1_194' title='bbox 466 3201 680 3266; x_wconf 88' lang='lat' dir='ltr'>Macrobium</span> <span class='ocrx_word' id='word_1_195' title='bbox 706 3201 865 3266; x_wconf 83' lang='lat' dir='ltr'>laudans.</span> <span class='ocrx_word' id='word_1_196' title='bbox 913 3200 983 3265; x_wconf 91' lang='lat' dir='ltr'>Hic</span> <span class='ocrx_word' id='word_1_197' title='bbox 1006 3199 1097 3264; x_wconf 89' lang='lat' dir='ltr'>enim</span> <span class='ocrx_word' id='word_1_198' title='bbox 1116 3199 1264 3270; x_wconf 80' lang='lat' dir='ltr'>aliorum</span> <span class='ocrx_word' id='word_1_199' title='bbox 1281 3201 1492 3268; x_wconf 89' lang='lat' dir='ltr'>auctoritate</span> 
     </span>
     <span class='ocr_line' id='line_1_28' title="bbox 320 3303 1499 3392; baseline -0.003 -20"><span class='ocrx_word' id='word_1_200' title='bbox 320 3309 358 3373; x_wconf 91' lang='lat' dir='ltr'>in</span> <span class='ocrx_word' id='word_1_201' title='bbox 394 3307 462 3373; x_wconf 91' lang='lat' dir='ltr'>hac</span> <span class='ocrx_word' id='word_1_202' title='bbox 495 3306 735 3392; x_wconf 90' lang='lat' dir='ltr'>disputatione</span> <span class='ocrx_word' id='word_1_203' title='bbox 771 3329 809 3372; x_wconf 92' lang='lat' dir='ltr'>se</span> <span class='ocrx_word' id='word_1_204' title='bbox 844 3317 966 3373; x_wconf 90' lang='lat' dir='ltr'>tuetur</span> <span class='ocrx_word' id='word_1_205' title='bbox 993 3303 1118 3389; x_wconf 80' lang='lat' dir='ltr'>(112,ro</span> <span class='ocrx_word' id='word_1_206' title='bbox 1155 3308 1222 3372; x_wconf 77' lang='lat' dir='ltr'>alti</span> <span class='ocrx_word' id='word_1_207' title='bbox 1255 3308 1499 3382; x_wconf 75' lang='lat' dir='ltr'>contendunt).·.</span> 
     </span>
     <span class='ocr_line' id='line_1_29' title="bbox 321 3413 1494 3502; baseline -0.004 -22"><span class='ocrx_word' id='word_1_208' title='bbox 321 3417 417 3502; x_wconf 84' lang='lat' dir='ltr'>Inter</span> <span class='ocrx_word' id='word_1_209' title='bbox 445 3413 532 3480; x_wconf 87' lang='lat' dir='ltr'>alios</span> <span class='ocrx_word' id='word_1_210' title='bbox 563 3424 681 3479; x_wconf 90' lang='lat' dir='ltr'>autem</span> <span class='ocrx_word' id='word_1_211' title='bbox 710 3415 905 3481; x_wconf 90' lang='lat' dir='ltr'>Varronem</span> <span class='ocrx_word' id='word_1_212' title='bbox 935 3415 1194 3484; x_wconf 88' lang='lat' dir='ltr'>numerandum</span> <span class='ocrx_word' id='word_1_213' title='bbox 1223 3435 1300 3480; x_wconf 90' lang='lat' dir='ltr'>esse</span> <span class='ocrx_word' id='word_1_214' title='bbox 1334 3435 1380 3481; x_wconf 85' lang='lat' dir='ltr'>ex</span> <span class='ocrx_word' id='word_1_215' title='bbox 1413 3435 1494 3480; x_wconf 64' lang='lat' dir='ltr'>con,</span> 
     </span>
     <span class='ocr_line' id='line_1_30' title="bbox 320 3517 1496 3610; baseline -0.001 -24"><span class='ocrx_word' id='word_1_216' title='bbox 320 3531 427 3610; x_wconf 85' lang='lat' dir='ltr'>centu</span> <span class='ocrx_word' id='word_1_217' title='bbox 465 3521 558 3596; x_wconf 87' lang='lat' dir='ltr'>inter</span> <span class='ocrx_word' id='word_1_218' title='bbox 593 3519 824 3588; x_wconf 86' lang='lat' dir='ltr'>Censorinum</span> <span class='ocrx_word' id='word_1_219' title='bbox 862 3528 902 3602; x_wconf 93' lang='lat' dir='ltr'>(c.</span> <span class='ocrx_word' id='word_1_220' title='bbox 927 3517 1026 3605; x_wconf 54' lang='lat'>2212)</span> <span class='ocrx_word' id='word_1_221' title='bbox 1062 3519 1350 3608; x_wconf 85' lang='lat' dir='ltr'>Macrobiumque</span> <span class='ocrx_word' id='word_1_222' title='bbox 1388 3520 1496 3588; x_wconf 71' lang='lat' dir='ltr'>inter-</span> 
     </span>
     <span class='ocr_line' id='line_1_31' title="bbox 245 3626 1496 3722; baseline -0.001 -30"><span class='ocrx_word' id='word_1_223' title='bbox 245 3711 249 3722; x_wconf 33' lang='lat'>·</span> <span class='ocrx_word' id='word_1_224' title='bbox 321 3628 468 3714; x_wconf 86' lang='lat' dir='ltr'>cedente</span> <span class='ocrx_word' id='word_1_225' title='bbox 491 3628 616 3708; x_wconf 90' lang='lat' dir='ltr'>elucet.</span> <span class='ocrx_word' id='word_1_226' title='bbox 663 3627 766 3711; x_wconf 81' lang='lat' dir='ltr'>Quod</span> <span class='ocrx_word' id='word_1_227' title='bbox 790 3648 872 3693; x_wconf 90' lang='lat' dir='ltr'>vero</span> <span class='ocrx_word' id='word_1_228' title='bbox 892 3626 1091 3694; x_wconf 91' lang='lat' dir='ltr'>Macrobius</span> <span class='ocrx_word' id='word_1_229' title='bbox 1113 3627 1150 3692; x_wconf 93' lang='lat' dir='ltr'>in</span> <span class='ocrx_word' id='word_1_230' title='bbox 1175 3627 1242 3694; x_wconf 92' lang='lat' dir='ltr'>hac</span> <span class='ocrx_word' id='word_1_231' title='bbox 1257 3626 1496 3713; x_wconf 77' lang='lat' dir='ltr'>descriptione</span> 
     </span>
     <span class='ocr_line' id='line_1_32' title="bbox 322 3733 1496 3822; baseline 0.003 -24"><span class='ocrx_word' id='word_1_232' title='bbox 322 3754 403 3822; x_wconf 88' lang='lat' dir='ltr'>curn</span> <span class='ocrx_word' id='word_1_233' title='bbox 421 3733 520 3800; x_wconf 90' lang='lat' dir='ltr'>brevi</span> <span class='ocrx_word' id='word_1_234' title='bbox 538 3733 733 3798; x_wconf 89' lang='lat' dir='ltr'>Isidoriana</span> <span class='ocrx_word' id='word_1_235' title='bbox 750 3733 786 3798; x_wconf 88' lang='lat' dir='ltr'>in</span> <span class='ocrx_word' id='word_1_236' title='bbox 805 3736 893 3817; x_wconf 81' lang='lat' dir='ltr'>IV,a,</span> <span class='ocrx_word' id='word_1_237' title='bbox 911 3734 971 3799; x_wconf 89' lang='lat' dir='ltr'>ubi</span> <span class='ocrx_word' id='word_1_238' title='bbox 988 3745 1056 3806; x_wconf 84' lang='lat' dir='ltr'>est;</span> <span class='ocrx_word' id='word_1_239' title='bbox 1073 3735 1176 3807; x_wconf 77' lang='lat' dir='ltr'>„riade</span> <span class='ocrx_word' id='word_1_240' title='bbox 1191 3755 1337 3806; x_wconf 78' lang='lat' dir='ltr'>mansam</span> <span class='ocrx_word' id='word_1_241' title='bbox 1353 3733 1496 3802; x_wconf 79' lang='lat' dir='ltr'>Maium</span> 
     </span>
    </p>
   </div>
   <div class='ocr_carea' id='block_1_3' title="bbox 331 3989 965 4334">
    <p class='ocr_par' dir='ltr' id='par_1_3' title="bbox 331 3989 965 4334">
     <span class='ocr_line' id='line_1_33' title="bbox 331 3989 965 4066; baseline 0.011 -27"><span class='ocrx_word' id='word_1_242' title='bbox 331 4011 339 4039; x_wconf 69' lang='grc' dir='ltr'><strong><em>τ</em></strong></span> <span class='ocrx_word' id='word_1_243' title='bbox 434 3989 457 4066; x_wconf 87' lang='lat'>¹)</span> <span class='ocrx_word' id='word_1_244' title='bbox 480 3991 510 4046; x_wconf 91' lang='lat' dir='ltr'>in</span> <span class='ocrx_word' id='word_1_245' title='bbox 534 3991 678 4066; x_wconf 87' lang='lat' dir='ltr'>Philologi</span> <span class='ocrx_word' id='word_1_246' title='bbox 700 3994 757 4049; x_wconf 90' lang='lat' dir='ltr'>vol.</span> <span class='ocrx_word' id='word_1_247' title='bbox 781 3991 823 4047; x_wconf 92' lang='lat' dir='ltr'>VI</span> <span class='ocrx_word' id='word_1_248' title='bbox 847 4011 876 4066; x_wconf 92' lang='lat' dir='ltr'>p.</span> <span class='ocrx_word' id='word_1_249' title='bbox 893 3989 965 4050; x_wconf 78' lang='lat'>664.</span> 
     </span>
     <span class='ocr_line' id='line_1_34' title="bbox 331 4077 668 4155; baseline 0.012 -23"><span class='ocrx_word' id='word_1_250' title='bbox 331 4129 335 4132; x_wconf 85' lang='lat'>.</span> <span class='ocrx_word' id='word_1_251' title='bbox 425 4078 454 4153; x_wconf 66' lang='lat' dir='ltr'>v2)</span> <span class='ocrx_word' id='word_1_252' title='bbox 477 4081 497 4136; x_wconf 91' lang='lat' dir='ltr'>l.</span> <span class='ocrx_word' id='word_1_253' title='bbox 520 4098 547 4138; x_wconf 91' lang='lat' dir='ltr'>c.</span> <span class='ocrx_word' id='word_1_254' title='bbox 570 4099 599 4155; x_wconf 89' lang='lat' dir='ltr'>p.</span> <span class='ocrx_word' id='word_1_255' title='bbox 619 4077 668 4140; x_wconf 88' lang='grc'>16.</span> 
     </span>
     <span class='ocr_line' id='line_1_35' title="bbox 432 4167 669 4244; baseline 0.004 -19"><span class='ocrx_word' id='word_1_256' title='bbox 432 4167 458 4244; x_wconf 81' lang='lat'>3)</span> <span class='ocrx_word' id='word_1_257' title='bbox 480 4169 499 4226; x_wconf 89' lang='lat' dir='ltr'>l.</span> <span class='ocrx_word' id='word_1_258' title='bbox 523 4188 549 4227; x_wconf 87' lang='lat' dir='ltr'>c.</span> <span class='ocrx_word' id='word_1_259' title='bbox 572 4188 602 4244; x_wconf 88' lang='lat' dir='ltr'>p.</span> <span class='ocrx_word' id='word_1_260' title='bbox 621 4167 669 4229; x_wconf 87' lang='lat'>17.</span> 
     </span>
     <span class='ocr_line' id='line_1_36' title="bbox 430 4255 715 4334; baseline 0.021 -19"><span class='ocrx_word' id='word_1_261' title='bbox 430 4255 457 4334; x_wconf 82' lang='lat'>⁴)</span> <span class='ocrx_word' id='word_1_262' title='bbox 481 4260 500 4320; x_wconf 85' lang='lat' dir='ltr'>l.</span> <span class='ocrx_word' id='word_1_263' title='bbox 526 4278 551 4316; x_wconf 90' lang='lat' dir='ltr'>c.</span> <span class='ocrx_word' id='word_1_264' title='bbox 575 4278 604 4333; x_wconf 91' lang='lat' dir='ltr'>p.</span> <span class='ocrx_word' id='word_1_265' title='bbox 620 4257 715 4334; x_wconf 68' lang='lat' dir='ltr'>282q.</span> 
     </span>
    </p>
   </div>
   <div class='ocr_carea' id='block_1_4' title="bbox 0 0 1722 4954">
    <p class='ocr_par' dir='ltr' id='par_1_4' title="bbox 0 0 1722 4954">
     <span class='ocr_line' id='line_1_37' title="bbox 0 0 1722 4954; baseline 0 0"><span class='ocrx_word' id='word_1_266' title='bbox 0 0 1722 4954; x_wconf 95' lang='lat' dir='ltr'> </span> 
     </span>
    </p>
   </div>
  </div>
 </body>
</html>
