3398 4952
783 278 1001 348 ...36-

876 543 907 614 2.

413 706 492 792 Qua
516 706 723 794 quaestione
747 707 913 794 expedita
936 707 1007 776 iam
1031 709 1197 796 deinceps
1218 709 1321 778 nobis
1337 709 1482 778 investi-

305 812 465 899 gandum
489 822 557 899 est,
580 819 700 879 utrum
721 815 839 900 Lydus
863 813 1028 882 adcurate
1049 837 1096 882 an
1120 816 1340 902 neglegenter
1362 838 1415 882 res
1437 837 1482 882 ex

303 919 499 986 auctoribus
520 921 593 985 suis
609 921 739 1006 petitas
761 920 958 990 reddiderit.
1006 920 1115 989 Cuius
1137 943 1242 989 usum
1260 922 1481 990 describendi

306 1036 348 1094 nt
362 1026 654 1108 demonstremus,
677 1028 847 1095 nonnulla
864 1017 1027 1115 exempla
1044 1029 1274 1116 contemplari
1290 1030 1415 1116 placet,
1439 1051 1482 1096 ac

305 1133 460 1221 primum
483 1134 604 1200 oculos
628 1133 671 1200 ad
697 1155 756 1200 eas
773 1134 926 1218 Lydiani
949 1135 1071 1222 scripti
1086 1145 1205 1222 partes
1221 1146 1481 1222 convertamus,

305 1246 453 1327 quarum
489 1240 605 1306 fontes
639 1262 659 1306 e
693 1239 821 1327 quibus
857 1243 1008 1309 Ioannes
1042 1241 1119 1329 ipse
1148 1242 1290 1310 videtur
1319 1244 1482 1312 hausisse

305 1356 458 1415 aetatem
489 1348 657 1414 tulerunt.
710 1349 850 1414 Horum
879 1371 964 1416 vero
991 1349 1148 1415 locorum
1178 1349 1216 1415 in
1244 1371 1392 1417 numero
1421 1373 1481 1418 eos

304 1453 498 1522 censendos
533 1475 610 1520 esse
643 1453 770 1538 indico,
805 1475 892 1541 qnos
926 1455 970 1522 ad
1003 1455 1150 1522 verbum
1186 1478 1225 1523 se
1253 1456 1481 1544 descripsisse

304 1560 446 1627 indicat
1096 1631 1098 1636 .

412 1685 516 1772 Quod
532 1685 603 1753 huc
619 1686 755 1770 attinet,
780 1685 920 1773 Lydum
937 1687 1128 1774 diligenter
1144 1709 1200 1754 res
1217 1710 1261 1753 ex
1278 1687 1482 1756 auctoribus

305 1802 467 1879 sumptas
483 1792 676 1860 reddidisse
693 1817 711 1860 e
727 1793 805 1860 loco
818 1793 1042 1862 Aristotelico
1062 1795 1099 1860 in
1117 1794 1216 1860 libris
1233 1793 1312 1884 περὶ
1323 1794 1483 1884 γενέσεως

304 1898 360 1967 καί
395 1905 530 1989 φθορᾶς
564 1921 644 1966 cum
682 1900 846 1984 Lydiano
881 1901 919 1966 in
954 1903 1054 1985 111‚1s
1084 1901 1130 1988 (p.
1154 1897 1234 1986 58,11
1254 1907 1317 1988 sq.)
1341 1903 1481 1970 conlato

309 2006 440 2073 elucet:

343 2221 431 2306 Lyd.
449 2222 544 2305 111,1s
566 2225 610 2308 (p.
627 2218 706 2304 58,11
729 2221 793 2308 sq.)

326 2405 408 2486 μιᾶς
433 2399 494 2484 μὲν
521 2388 623 2490 ούσης
647 2406 708 2490 τῆς
734 2405 840 2490 φορᾶς

327 2497 387 2574 ούκ
409 2506 574 2591 ἐνδέχεται
615 2504 772 2595 γίνεσθαι
796 2499 838 2573 τὰ

328 2601 442 2702 ύμηνω,
467 2612 593 2701 γένεσιν
614 2613 672 2679 καί
694 2610 836 2702 φθοράν,

327 2712 389 2788 διὰ
422 2711 461 2786 τὸ
497 2717 629 2787 ἐναντία
657 2713 765 2787 εἶναι·
800 2712 839 2787 τὸ

327 2820 390 2916 γὰρ
413 2815 494 2894 αύτό
518 2826 575 2894 καὶ
591 2816 750 2906 ὡσαύτως
765 2823 839 2912 ἔχον

330 2925 386 3002 cisi
407 2925 447 3001 τὸ
470 2924 551 3001 αύτό
567 2933 696 3025 πέφυκε
712 2939 837 3017 ποιεῖν,

328 3033 415 3109 ὥστε
438 3029 515 3131 ήτοι
539 3040 665 3130 γένεσίς
679 3039 769 3110 ἐστιν
785 3033 839 3109 ἀεὶ

327 3142 350 3240 ἢ
383 3145 512 3240 φθορά.
547 3151 599 3216 δεῖ
633 3148 670 3217 δὲ
705 3148 840 3230 πλείους

327 3248 416 3324 εἶναι
449 3250 511 3336 τοὶς
538 3248 687 3345 κινήσεις
708 3254 764 3324 καί
787 3256 840 3324 ἒν-

326 3359 440 3444 αννίας
462 3356 539 3454 ήτῇ
555 3368 645 3454 φορᾷ
659 3357 680 3454 ἢ
695 3368 735 3454 τῇ
753 3354 840 3430 οίνω-

325 3467 449 3560 μαλίᾳ·
467 3475 534 3536 τῶν
550 3461 783 3559 γὰρ’ἒναντίων
797 3465 839 3538 τὰ

329 3574 462 3646 ἐναντία
496 3572 599 3644 α’ίτια.
639 3568 694 3644 διὸ
729 3566 787 3662 οὐχ
819 3566 839 3668 ή

329 3681 445 3773 πρώτη
468 3678 557 3775 φοροί
580 3679 672 3750 αἰτία
694 3680 766 3751 ἐστὶ
786 3708 840 3773 γε·

329 3789 450 3873 νέσεως
471 3790 528 3860 καὶ
551 3797 695 3880 φθορᾶς,
722 3780 795 3858 ἄλλ’
819 3782 840 3880 ή

328 3890 414 3966 κατὰ
435 3891 493 3966 τὸν
515 3893 611 3980 λοξὸν
637 3895 776 3966 κύκλον·
806 3897 841 3966 ἐν

326 3997 429 4096 ταύτῃ
464 3999 527 4098 γὰρ
557 4004 615 4074 καί
643 3999 683 4072 τὸ
711 4003 840 4092 συνεχὲς

328 4110 437 4184 ἔνεστι
458 4111 515 4182 καί
537 4105 578 4179 ed
592 4116 766 4182 κινεῖσθαι
780 4108 839 4180 δύο

327 4217 483 4312 κινήσεις.

946 2167 1090 2234 Aristot.
1113 2168 1133 2234 l.
1158 2189 1183 2234 α
1206 2166 1307 2251 11,10
1330 2171 1376 2256 (p.
1393 2165 1484 2236 3362

1121 2271 1165 2340 26
1188 2297 1239 2362 sq.
1258 2275 1309 2362 B.)

968 2405 1048 2485 μιᾶς
1080 2398 1141 2484 μὲν
1167 2387 1268 2489 ούσης
1293 2405 1354 2490 τῆς
1377 2405 1483 2489 φορᾶς

970 2495 1029 2574 ούκ
1096 2505 1261 2590 ἐνδέχεται
1329 2503 1482 2594 γίνεσθαι

970 2601 1073 2702 ύμφω

970 2715 1029 2787 δια
1063 2712 1103 2786 τὸ
1138 2717 1270 2786 ἐναντία
1305 2713 1407 2788 εἶναι·
1442 2712 1481 2786 τὰ

970 2819 1032 2956 yde
1052 2817 1133 2894 αύτο
1155 2825 1211 2895 καί
1235 2816 1393 2905 ὦσαύτονς
1408 2823 1483 2934 ἔχον

970 2924 1023 3001 οἷοὶ
1039 2928 1078 3000 τό
1102 2924 1183 3000 αὐτὸ
1207 2932 1336 3024 πίηικε
1359 2927 1481 3000 ποιεῖν.

971 3032 1058 3108 ὥστε
1074 3027 1149 3129 ήτοι
1173 3039 1298 3128 γένεσις
1318 3029 1370 3106 cisi
1385 3036 1493 3106 ἔσται

969 3141 992 3237 ἢ
1025 3143 1149 3268 φθορηί.
1188 3148 1238 3213 δεῖ
1262 3146 1309 3213 δὲ
1347 3143 1484 3226 πλείους

922 3315 923 3320 ,
972 3247 1058 3322 εἶναι
1090 3273 1152 3333 τας
1178 3245 1324 3344 κινήσεις
1352 3251 1409 3320 καί
1432 3251 1484 3322 ἒν

971 3350 1095 3444 αντίας,
1115 3354 1137 3450 ἢ
1152 3366 1193 3450 τῇ
1205 3354 1328 3451 φορᾷη
1319 3353 1384 3450 τῇ
1397 3350 1486 3427 σίνον-Ι

970 3466 1096 3558 μαλίηι·
1135 3473 1203 3535 τῶν
1230 3460 1292 3556 γὰρ
1328 3464 1486 3536 ἐναντίων

970 3564 1127 3643 τοίναντία
1138 3571 1241 3643 α’ίτια.
1258 3567 1314 3640 διὸ
1324 3573 1380 3640 καί
1390 3563 1482 3664 ούχή

970 3679 1090 3774 πρώτη
1114 3675 1203 3774 φορὰ
1227 3678 1320 3750 αίτία
1344 3678 1416 3750 ἐστὶ
1431 3704 1484 3770 γε·

971 3789 1089 3869 νέσεως
1111 3787 1168 3860 καὶ
1194 3794 1335 3880 φθορᾶς,
1365 3776 1485 3878 dide?

970 3891 1057 3964 κατὰ
1084 3891 1142 3963 τὸν
1164 3889 1261 3976 λοξὸν
1283 3892 1423 3964 κύκλον·
1447 3894 1496 3964 ἐν.

970 3999 1071 4093 ταύτη
1104 3995 1166 4092 γὰρ
1199 4001 1258 4072 καί
1286 3993 1326 4070 τὸ
1356 3999 1485 4086 συνεχές

973 4109 1045 4179 ἐστι
1077 4108 1134 4178 καί
1159 4102 1198 4177 τὸ
1228 4113 1401 4181 κινεῖσθαι
1422 4105 1482 4175 δύο

970 4215 1125 4303 κινήσεις.
