3418 4954
707 359 927 430 ..95-

229 574 346 650 dicem
362 575 565 644 adhibuerit
579 576 686 648 modo
703 575 927 665 ampliticans·
942 578 1047 644 modo
1059 587 1213 661 mutans,
1230 577 1408 664 recedant,

229 683 301 754 iam
331 682 463 751 nemini
493 683 640 756 dubium
671 683 821 753 videtur.
870 685 950 752 Hoc
973 685 1079 752 modo
1107 695 1227 752 autem
1252 685 1296 753 ad
1309 686 1409 776 Suea

120 819 127 823 ·
156 819 164 826 ·
213 787 380 860 utentum·
388 789 557 858 Varronis
580 790 823 878 sectatoreml)
838 790 1053 874 deducimur,
1074 791 1175 859 cuius
1191 794 1404 886 populorum

229 895 382 976 indicem
399 896 458 966 alii
475 897 577 964 aliter
592 907 857 986 excerpseruot;
879 919 961 966 nam
979 898 1190 966 Suetonium
1209 899 1405 986 permultos

230 1003 383 1089 populos
405 1003 598 1073 advocasse
622 1004 680 1071 vel
703 1003 786 1073 inde
805 1004 961 1092 adparet,
984 1005 1078 1092 quod
1105 1005 1304 1073 Macrobius
1321 1014 1407 1093 pau·

230 1130 352 1178 carum
369 1119 509 1182 tantum
527 1113 715 1196 regionum
732 1131 866 1180 morem
882 1131 921 1178 se
935 1111 1116 1180 rettulisse
1127 1111 1206 1198 ipse
1218 1113 1405 1199 profitetur

229 1220 260 1298 tl
278 1214 362 1300 lm).
411 1221 536 1306 Itaque
559 1239 630 1286 non
654 1219 783 1287 mirum
800 1229 864 1304 est,
887 1221 982 1307 quod
998 1220 1120 1305 Lydus
1136 1241 1200 1307 pro
1216 1223 1420 1289 Acarnani-v

230 1324 298 1392 bus
320 1324 506 1412 Sicyonius
529 1325 662 1408 attulit,
684 1326 892 1412 praesertim
916 1327 978 1414 qui
1001 1324 1404 1417 antea[111,1(p.37,rt)]

230 1431 277 1498 de
289 1433 464 1498 Arcadum
477 1432 794 1521 Sicyoniorumque
809 1435 991 1504 mensibus
1007 1434 1147 1503 locutus
1163 1444 1267 1504 esset.
1303 1438 1405 1523 Quae

211 1558 313 1624 ,curn
337 1537 387 1606 ita
408 1539 489 1622 sint,
514 1539 601 1608 mihi
622 1539 770 1607 dubium
788 1561 865 1608 esse
880 1562 952 1609 non
968 1540 1119 1625 videtur,
1143 1542 1228 1628 quin
1244 1543 1312 1610 hoc
1328 1543 1405 1610 loco

231 1641 353 1730 Lydus
377 1645 617 1714 Suetonianae
640 1646 822 1716 doctrinae
844 1648 998 1734 vestigia
1021 1649 1199 1736 presserit.

339 1755 416 1819 Nec
437 1752 556 1820 miuus
570 1752 794 1822 diiiicileest
815 1753 851 1820 id
875 1755 919 1820 ad
944 1755 1210 1823 diiudicandum
1234 1756 1295 1824 illo
1318 1759 1405 1840 loco,

231 1881 303 1944 quo
329 1858 451 1943 Lydus
474 1869 511 1926 et
535 1859 735 1928 Macrobius
758 1860 803 1928 de
827 1862 970 1928 Romuli
994 1884 1089 1929 anno
1112 1873 1240 1949 agunt:

363 2031 516 2106 namon.
541 2036 635 2124 τιτι

232 2183 303 2229 non
333 2162 444 2249 igitur
476 2163 604 2230 mirum
632 2163 669 2230 in
698 2163 765 2231 hac

231 2269 408 2337 varietate
425 2273 607 2337 Romanos
623 2293 764 2360 qnoque

232 2375 316 2442 olim
351 2388 494 2445 auctore
525 2379 679 2445 Romulo
706 2400 765 2445 an-

233 2504 322 2550 num
338 2505 442 2551 suum
458 2485 580 2552 decem
596 2484 764 2552 habuisse

232 2589 413 2658 mensibus
448 2591 664 2676 ordinatum,
703 2593 763 2679 qni

232 2717 349 2764 annus
371 2697 565 2785 incipiebat
588 2722 609 2766 a
627 2699 763 2782 Martio,

233 2815 270 2872 et
291 2803 542 2875 conficiebatur
558 2805 683 2872 diebus
700 2816 765 2872 tre-

233 2910 345 2978 centis
361 2922 538 2999 quattuor‚
556 2924 595 2979 nt
610 2934 674 2979 sex
690 2914 763 3001 qui-

233 3018 314 3084 dem
339 3039 487 3103 menses,
510 3019 546 3085 id
563 3031 617 3086 est
632 3020 766 3107 Aprilis

234 3124 359 3191 lunius
387 3126 534 3194 Sextilis
557 3126 765 3213 September

235 3232 438 3299 November
451 3234 653 3318 December,
666 3233 765 3301 trice-

146 3399 148 3405 ,
233 3357 320 3406 nuru
350 3351 468 3406 essent
491 3340 638 3424 dierum,
666 3353 766 3428 quat·

234 3455 314 3513 tuor
345 3467 438 3530 vero,
469 3447 619 3515 Martius
649 3448 764 3514 Maius
832 3511 834 3517 ,

234 3553 406 3637 Quintilis
434 3555 596 3636 October,
623 3555 764 3622 tricenis

232 3673 270 3728 et
315 3661 468 3748 singulis
506 3662 764 3749 expedirentur,

234 3767 296 3854 qui
335 3768 510 3857 hodieque
547 3768 765 3858 septimanas

234 3874 520 3960 habentNonas,
544 3875 649 3944 ceteri
666 3877 766 3964 quin-

234 3991 349 4049 tanas.
392 3976 394 3981 ’
499 3981 502 3986 ’
564 3971 568 3980 ’

992 2043 1079 2123 Lyd.
1105 2043 1163 2125 λιι
1189 2054 1226 2109 et
1248 2045 1292 2114 al.

872 2295 906 2360 p.
931 2269 1014 2358 Sat:
1049 2265 1150 2366 άρχὴν
1185 2277 1222 2344 δὲ
1257 2263 1404 2347 ἐνιαυτοῦ

872 2373 992 2450 δίδωσι
1003 2373 1171 2468 Ῥωμύλος
1181 2377 1238 2450 τὸν
1249 2383 1405 2475 Μάρτιον

872 2482 961 2575 πρὸς
984 2479 1233 2581 τιμήνῖίριος·
1258 2483 1404 2574 &tamon

873 2588 935 2684 γάρ
973 2585 1075 2664 αὐτὸν
1118 2599 1275 2687 γενέσθαι
1309 2599 1408 2690 λόγος

873 2749 1046 2772 ......
1068 2706 1148 2773 δέκα
1163 2704 1279 2792 μόνοις
1292 2707 1404 2800 μησίν.

873 2811 931 2890 Iao
955 2810 1003 2899 (p.
1020 2809 1097 2898 9³⁹)3
1120 2803 1138 2879 ὁ
1162 2811 1321 2896 ἐνιαυτός,
1343 2815 1405 2883 ἐπὶ

828 2965 830 2970 .
872 2917 910 2985 de*
942 2909 1109 3005 Ῥωμύλου
1148 2910 1293 3007 ὁρίζεται
1329 2975 1337 2988 .
1363 2976 1404 2992 ..

872 3025 1112 3116 δεκαμηνιαῖος,
1141 3033 1207 3094 τῶν
1232 3029 1294 3114 μὲν
1316 3024 1405 3119 ὑπὲρ

872 3131 1049 3218 τριακάδος
1088 3125 1213 3224 ἡμέρας
1255 3139 1403 3220 πλείους,

871 3243 938 3305 τῶν
964 3240 1002 3308 δὲ
1036 3233 1215 3322 ἐλάττονας
1238 3243 1407 3329 λαχόντων

871 3353 993 3437 μονῶν·

874 3561 971 3643 lll,ro
1006 3564 1053 3650 (p.
1079 3562 1190 3648 49,n):
1226 3565 1334 3652 ἔχουσι
1367 3571 1406 3639 δι’

873 3664 1055 3754 ἓβδομαίας
1090 3671 1151 3755 μὲν
1192 3669 1253 3754 τάς
1287 3673 1408 3758 Νάνας

873 3773 1029 3863 Μάρτιος
1093 3778 1212 3860 Μάῖος
1271 3774 1420 3866 Ἰούλιος·

874 3871 1077 3973 Ὀιιτώβριος,
1103 3886 1305 3971 πεμπταῖος
1320 3890 1356 3958 δὲ
1372 3889 1405 3958 oi

874 3990 992 4058 λοιποὶ
1014 3989 1148 4071 πάντες.

345 4256 370 4333 ¹)
391 4257 461 4316 vide
498 4257 780 4318 Reifferscheidinm
817 4262 849 4318 in
887 4263 922 4323 C.
953 4263 1087 4322 Suetonii
1118 4264 1289 4348 ''imquilli
1320 4268 1410 4344 reliqu

233 4345 470 4422 amun
