3418 4954
814 1222 920 1304 caput
942 1224 976 1286 u.

370 1380 533 1463 loannis
561 1379 768 1462 Laurentii
798 1379 901 1485 Lydi
930 1379 983 1461 de
1010 1401 1119 1462 anno
1148 1379 1424 1468 Romanorum

551 1522 742 1606 doctrina
769 1522 821 1604 ad
849 1521 987 1605 tontes
1015 1526 1248 1605 revocatur.

420 1737 509 1806 Cum
534 1737 625 1823 Lydi
650 1737 901 1825 epitomatores
925 1758 989 1824 pro
1012 1758 1097 1805 suae
1114 1738 1241 1804 aetatis
1258 1759 1355 1806 more
1372 1741 1487 1806 multo

314 1845 432 1933 magis
456 1843 618 1911 delectati
644 1843 717 1911 sint
739 1843 1031 1932 philosophorum
1056 1843 1252 1933 praeceptis
1276 1866 1367 1934 quae
1390 1846 1486 1932 apud
1609 1875 1610 1878 ¹

312 1974 395 2020 eum
434 1951 587 2041 plurima
626 1962 796 2038 congesta
834 1950 1058 2037 reperiebant
1096 1971 1200 2038 quarn
1242 1954 1485 2020 Romanorum

314 2058 597 2147 antiquitatibus,
643 2079 712 2124 non
752 2057 960 2124 mirabimur
1000 2079 1112 2144 pauca
1159 2059 1264 2126 modo
1310 2059 1486 2146 exilisque

312 2177 466 2234 aetatem
515 2165 638 2233 tulisse
676 2163 806 2251 placita
845 2165 890 2231 ad
933 2165 1016 2231 anni
1055 2169 1203 2232 {ormam
1242 2166 1486 2256 fastorumque

312 2273 485 2341 rationem
518 2284 554 2339 et
578 2271 859 2339 vicissitudinem
890 2273 1097 2359 spectantia,
1128 2294 1219 2360 quae
1249 2273 1343 2340 unde
1368 2272 1487 2358 Lydus

313 2379 511 2467 arripuerit,
542 2401 638 2446 nuuc
669 2388 829 2446 nostrum
863 2391 917 2446 est
947 2363 1140 2446 ostendere.
1186 2381 1279 2447 Sunt
1309 2402 1392 2446 vero
1426 2380 1487 2446 illa

312 2487 420 2554 huius
437 2486 617 2554 doctrinae
641 2487 802 2568 frustula,
819 2507 910 2572 quae
926 2507 987 2572 per
1004 2496 1118 2554 totum
1134 2487 1207 2553 iere
1223 2507 1314 2574 opus
1328 2487 1487 2575 dispersa

313 2617 359 2661 ex
396 2603 470 2662 tota
505 2593 715 2684 placitorum
752 2593 931 2680 farragine
968 2592 1165 2660 discernere
1203 2593 1405 2661 studuimus
1443 2594 1487 2660 de

247 2771 252 2778 ,
316 2700 468 2786 Lydiaui
497 2700 618 2787 scripti
642 2700 761 2768 indole
785 2701 898 2767 acturi
923 2700 1018 2788 (vide
1041 2721 1147 2788 supra
1170 2723 1204 2787 p.
1229 2699 1339 2788 4sq.).
1386 2703 1488 2786 Quae

316 2807 480 2900 quamvis
510 2830 531 2874 a
556 2807 658 2892 Lydo
689 2807 869 2873 incondite
901 2818 1121 2894 comportata
1144 2807 1388 2895 dispositaque
1411 2829 1488 2874 esse

315 2916 513 2996 videantur,
540 2926 657 2981 tamen
683 2935 764 2981 eum
789 2924 864 2981 tota
881 2914 948 2980 hac
965 2916 1006 2980 de
1021 2915 1223 3002 temporibus
1238 2914 1488 3002 explanatione

314 3036 447 3092 certam
471 3023 644 3090 rationem
671 3043 777 3109 quarn
801 3020 878 3108 ipse
901 3020 1035 3089 indicat
1059 3022 1169 3104 in11,1
1197 3021 1247 3090 ita
1264 3032 1488 3109 persecutum

315 3153 392 3198 esse
415 3129 746 3213 demonstravimus,
771 3139 811 3195 nt
834 3128 879 3194 de
902 3128 1035 3211 diebus,
1052 3129 1096 3195 de
1112 3129 1302 3212 mensibus,
1326 3129 1371 3194 de
1387 3128 1489 3194 annis

316 3238 544 3320 vertentibus,
568 3238 612 3303 de
635 3246 794 3323 tempore
818 3245 925 3323 atque
947 3257 1046 3319 aevo,
1070 3235 1114 3302 de
1137 3235 1292 3321 singuiis
1308 3235 1489 3302 mensibus

314 3346 448 3414 diceret
463 3355 578 3432 atque,
595 3343 660 3410 etsi
676 3365 749 3410 non
766 3342 844 3429 ipse
860 3341 1077 3429 profiteatur,
1100 3343 1276 3410 naturalia
1293 3352 1452 3430 tempora
1468 3365 1490 3407 a

315 3453 481 3521 civilibus
496 3452 744 3536 distingueret.
782 3452 888 3516 Hanc
903 3459 1022 3516 autem
1042 3449 1162 3536 scripti
1178 3450 1332 3516 indolem
1352 3472 1372 3517 a
1389 3450 1492 3534 Lydo

315 3561 395 3648 ipso
416 3559 654 3646 excogitatam
673 3579 750 3624 esse
767 3558 829 3624 vix
845 3557 1031 3646 qnisquam
1049 3557 1236 3644 putaverit,
1260 3557 1392 3646 quippe
1409 3579 1490 3624 cum

316 3666 465 3734 eandem
498 3667 569 3732 iere
598 3675 795 3751 temporum
821 3664 1087 3752 dispositionem
1113 3687 1133 3732 a
1157 3667 1316 3733 Varrone
1340 3664 1376 3731 in
1400 3666 1491 3732 anti-

316 3775 490 3863 quitatum
518 3774 747 3837 humanarum
771 3771 878 3852 libris,
915 3782 954 3838 ut
975 3771 1187 3860 Gruppius¹)
1210 3782 1304 3839 reete
1328 3772 1491 3856 ostendit,

317 3893 354 3949 et
377 3879 445 3948 nisi
470 3880 588 3947 omnia
612 3879 748 3963 fallunt,
773 3881 818 3945 ab
842 3878 921 3945 aliis
945 3900 1084 3966 quoque
1107 3878 1346 3966 scriptoribus,
1369 3879 1428 3968 qui
1446 3879 1492 3946 ab

316 3989 379 4055 illo
406 3988 592 4075 pendeant,
621 3985 816 4054 adhibitam
838 4007 915 4052 esse
939 3985 1145 4053 consideret.
1192 3989 1273 4072 Ipse
1297 3985 1392 4054 euim
1416 4007 1494 4072 pro-

429 4240 454 4327 ¹)
476 4247 508 4304 iu
531 4246 665 4304 Hermae
697 4247 754 4303 vol.
785 4243 812 4301 X
836 4263 866 4319 p.
882 4241 941 4309 51;
972 4252 1132 4318 praeterea
1162 4242 1301 4301 conferas
1332 4245 1366 4300 Α.
1391 4243 1494 4307 Habu,

197 4395 201 4410 ,
318 4337 358 4393 de
383 4335 540 4393 Censorini
563 4334 704 4399 sontibus,
728 4333 798 4392 diss.
822 4332 884 4389 len.
912 4329 995 4392 1905
1019 4351 1049 4406 p.
1067 4330 1118 4391 44.
