3418 4954
678 293 919 364 -107-

856 509 929 600 σίνῃ
976 511 1170 596 ἐστεμμέναι
1216 513 1282 578 κτλ.
1329 511 1386 599 (ci.

855 619 933 684 last.
964 619 1151 698 Praenest3
1180 617 1283 685 Ovid.
1307 618 1392 686 fasti

856 719 1068 791 lib.·1V133
1093 724 1201 811 sq.).'
1344 719 1346 729 ⁸

323 943 520 1028 Utriusque
544 940 734 1007 commenti
759 940 1011 1026 explicationes
1035 959 1107 1003 non
1133 948 1204 1003 tam
1227 937 1387 1004 divers-ae

214 1060 309 1132 sunt,
343 1060 384 1116 ut
419 1071 437 1114 e
472 1046 620 1115 diversis
657 1046 858 1112 auctoribus
894 1046 1042 1112 fluxisse
1078 1046 1279 1122 videantur;
1304 1067 1386 1112 nam

207 1157 312 1244 apud
337 1176 561 1222 communem
591 1162 768 1220 auctorem
795 1156 908 1221 multo
932 1155 1163 1240 pluraquam
1189 1153 1387 1226 Macrobius

217 1264 361 1350 praebet
396 1275 557 1329 enarrata
593 1283 670 1328 esse
695 1262 750 1326 vel
785 1261 867 1327 inde
894 1262 1048 1347 adparet,
1072 1261 1165 1347 quod
1189 1258 1248 1327 ille
1271 1261 1307 1326 in
1332 1267 1391 1326 exss

218 1382 329 1438 trema
344 1370 412 1436 hac
433 1371 659 1457 paragrapho
675 1369 763 1435 haec
779 1369 878 1435 addit
894 1369 1018 1435 verba:
1044 1369 1163 1452 „cuius
1178 1368 1232 1432 rei
1243 1389 1388 1441 causam,

219 1478 298 1564 qm'a
321 1478 400 1542 kuz‘c
423 1477 491 1542 loco
513 1498 582 1542 non
599 1476 765 1548 convenit,
785 1475 1073 1561 praetereundum
1090 1480 1169 1542 est“.
1192 1474 1252 1540 vId
1268 1483 1387 1540 autern

217 1586 268 1650 ita
292 1594 429 1651 tantum
456 1583 622 1670 explicari
647 1592 773 1669 potest,
798 1592 838 1648 nt
864 1580 1080 1647 Macrobiunr
1099 1581 1174 1646 lilio
1190 1601 1307 1667 puero,
1332 1577 1390 1647 cui

219 1691 284 1757 hos
319 1690 603 1757 saturnaliorum
643 1689 750 1755 libros
788 1688 941 1770 dedicat,
980 1689 1082 1774 plura
1119 1709 1260 1754 narrare
1295 1709 1391 1755 verca

219 1798 411 1863 cundatum
442 1818 518 1864 esse
547 1797 774 1878 sumamus1).
822 1795 944 1879 Lydus
968 1817 1061 1877 vero,
1086 1795 1145 1880 qni
1173 1794 1389 1861 Macrobiani

219 1905 372 1971 auctoris
396 1903 591 1970 doctrinam
617 1901 760 1970 uberius
784 1902 820 1967 in
844 1902 961 1967 medio
985 1902 1093 1987 ponit,
1118 1911 1302 1987 propterea
1318 1923 1389 1966 non

220 2013 295 2098 ipse
318 2011 516 2097 inspexisse
537 2020 655 2097 potest
671 2009 839 2076 Macrobii
857 2010 1000 2091 iontem,
1018 2009 1110 2094 qnod
1130 2009 1242 2076 Verrii
1259 2015 1388 2074 nornen

219 2119 355 2185 reticet.
403 2120 501 2184 Idem
527 2127 645 2184 autent
671 2116 898 2203 cognoscitur
914 2117 1126 2202 comparatis
1142 2115 1229 2182 locis
1245 2117 1289 2182 ad
1306 2116 1390 2182 Maii

219 2225 351 2292 mensis
375 2225 569 2312 veriloquia
593 2223 867 2310 pertinentibus,
891 2244 973 2289 nam
999 2223 1063 2289 etsi
1081 2223 1115 2288 in
1134 2234 1283 2310 utroque
1299 2240 1390 2290 corn·

220 2343 340 2400 mento
376 2335 557 2398 Romanos
596 2331 691 2398 hunc
730 2351 887 2396 mensem
924 2330 1127 2396 nominasse
1163 2353 1181 2394 e
1217 2330 1392 2396 maiorum

221 2440 354 2506 honore
377 2440 534 2522 refertur,
559 2448 677 2507 tamen
703 2461 723 2504 a
748 2436 971 2504 Macrobiana
995 2436 1155 2503 doctrina
1180 2438 1301 2522 Lydus
1324 2437 1392 2502 dis·

223 2547 323 2629 cedit,
357 2557 480 2633 utpote
509 2545 569 2632 qui
599 2567 627 2610 a·
649 2547 776 2627 Numa,
806 2546 866 2610 sed
898 2565 967 2610 non
998 2565 1017 2608 a
1047 2545 1201 2610 Romulo
1228 2545 1391 2630 quintum
1455 2567 1458 2574 ’

222 2673 378 2719 mensem
404 2653 441 2717 in
465 2652 657 2720 senectutis
681 2652 861 2736 honorem,
886 2663 1026 2720 sextum
1047 2653 1083 2717 in
1101 2652 1297 2719 inventutis
1315 2674 1393 2718 con-

222 2759 386 2826 stitutum
411 2775 488 2825 esse
503 2759 629 2825 doceat
646 2759 835 2846 Fulviique
850 2782 978 2827 nomen
997 2761 1174 2844 neglegat.
1222 2757 1391 2827 Eiusdem

222 2878 340 2932 antem
366 2866 577 2933 anctoritate
601 2866 726 2933 nititur
743 2867 955 2934 Censorinus
978 2867 1013 2933 in
1030 2864 1097 2948 aas
1123 2876 1159 2932 et
1174 2865 1262 2931 haec
1277 2866 1391 2931 affert:

221 2974 414 3059 „proximos
438 2975 522 3038 duos
542 2975 605 3058 (sc.
629 2972 783 3060 menses)
806 2998 827 3037 a
845 2975 981 3060 populo,
1004 2975 1141 3038 Mariam
1165 2995 1185 3036 a
1210 2971 1393 3036 maioribus

223 3085 319 3162 natu,
342 3081 488 3144 Iunium
511 3102 533 3143 a
556 3081 780 3146 iunioribus“.
826 3079 963 3146 Similia
988 3090 1107 3146 autem
1133 3078 1215 3144 certi
1239 3078 1392 3145 auctoris

223 3185 365 3252 nomine
400 3205 588 3271 suppresso
624 3186 780 3252 Isidorus
814 3208 954 3274 qnoque
991 3199 1122 3277 narrat:
1159 3187 1247 3258 „alii
1279 3190 1392 3250 autem

222 3294 313 3358 sicut
325 3293 460 3356 Maium
475 3299 540 3376 pro
556 3293 748 3365 maioribus,
771 3294 821 3356 ita
830 3301 896 3379 pro
911 3293 1106 3358 iunioribus
1121 3293 1266 3356 Iunium
1281 3293 1397 3357 uocari

225 3399 435 3464 dixeramus
469 3395 536 3463 Sed
561 3418 631 3463 non
649 3401 754 3464 modo
778 3399 822 3464 de
837 3400 905 3464 hac
919 3398 1147 3481 derivatione,
1171 3399 1232 3463 sed
1257 3399 1301 3465 de
1325 3397 1394 3464 alia

224 3527 373 3592 quoqne,
402 3525 508 3590 qnam
533 3503 576 3568 de
601 3505 685 3570 Maii
711 3505 852 3571 nomine
876 3507 1067 3591 proferunt,
1096 3528 1218 3571 omnes
1241 3505 1333 3572 inter
1357 3527 1394 3571 se

225 3612 450 3679 concinentes
492 3611 620 3676 docent
657 3611 790 3676 Maium
834 3633 990 3678 mensem
1033 3625 1218 3699 propterea
1250 3635 1270 3678 a
1301 3612 1394 3678 Maia

225 3720 442 3805 appellatum
478 3739 568 3801 esse,
604 3718 697 3804 quod
734 3740 775 3782 eo
811 3719 893 3784 huic
921 3720 1008 3786 deae
1044 3743 1100 3786 res
1133 3720 1255 3785 divina
1294 3720 1395 3786 lieret

223 3826 280 3910 [cl.
306 3823 457 3893 Macrob.
486 3827 501 3890 l
531 3821 661 3908 lipsio
691 3842 769 3890 cum
794 3826 894 3910 Lydo
924 3828 1016 3908 lV,ro
1041 3823 1208 3914 (p.128,2)
1233 3829 1275 3913 —l—
1300 3829 1392 3910 1V,so

225 3933 273 4019 (p.
290 3927 408 4017 132,⁷);
429 3933 530 4000 Ceus.
547 3929 648 4016 22,12;
666 3932 748 3998 lsid.
768 3935 869 4019 IV,³].
916 3935 1013 4018 Quas
1031 3934 1285 4021 explicationes
1301 3935 1394 4000 unde

227 4039 348 4123 Lydus
377 4039 593 4126 surripuerit,
623 4040 715 4107 iuter
745 4041 838 4106 viros
866 4042 987 4108 doctos
1017 4041 1224 4106 iamdudum
1249 4050 1302 4107 est
1326 4061 1394 4106 cer-

337 4257 361 4335 ¹)
386 4259 424 4316 cl.
448 4259 625 4319 Merkelinm
650 4263 680 4319 in
707 4265 820 4337 proleg.
848 4263 886 4318 ad
910 4261 1011 4318 Ovidii
1039 4261 1131 4319 laetos
1155 4281 1184 4335 p.
1206 4257 1394 4317 CXXXVII.
