3398 4952
677 301 898 371 ..u-

308 505 350 588 in
374 505 524 609 utroque¹
547 527 748 586 commento
771 518 880 590 verba
904 518 949 585 ad
973 539 1133 606 unguem
1158 518 1260 606 quasi
1283 519 1377 586 iuter

197 649 237 696 se
253 629 462 711 consentire,
478 627 540 695 sed
558 626 699 712 Lydum
715 648 735 694 ε
751 634 827 694 toto
843 633 1013 694 contextu
1030 625 1153 715 γένεσιν
1168 623 1225 693 καὶ
1240 623 1377 715 φθοράν

195 732 351 822 (poan)
366 734 588 823 supplevisse
603 732 778 801 videmus.
802 731 972 801 Similiter
984 731 1118 819 aliquid
1128 731 1189 799 ille
1197 731 1235 799 in
1247 732 1376 802 Plotini

197 841 316 909 verbis
344 841 508 926 inseruit,
536 861 628 928 quae
655 840 700 906 ad
731 838 878 908 verbum
903 860 948 906 ex
971 837 1047 906 eius
1071 858 1176 925 opere
1198 839 1377 918 Enneades

198 944 288 1034 113‚s
313 970 352 1016 se
367 946 607 1038 desumpsisse
626 945 788 1014 simulat:

245 1216 335 1301 Lyd.
351 1217 442 1299 IVpr
467 1213 515 1302 (p.
533 1211 596 1300 96‚1
622 1213 689 1304 sq.)

220 1338 375 1432 σημαίνει
392 1379 434 1390 -
449 1328 549 1430 ἤμουν
565 1332 609 1407 τὰ
630 1327 734 1428 ἅστρα

222 1485 265 1496 -—
298 1446 359 1533 μὲν
391 1437 448 1514 οὗν
476 1443 589 1514 πάντα
612 1439 676 1514 ὅσα
699 1445 734 1514 ἐν

220 1551 393 1646 αἰσθητῷ,
431 1559 523 1621 ποιεῖ
555 1545 598 1622 Ιδὲ
637 1543 731 1636 ἄλλοι,

222 1651 287 1728 ὅσα
310 1665 463 1750 φανερῶς
486 1665 603 1728 ποιεῖ·
638 1650 735 1749 ἡμεῖς

97 1800 99 1804 ·
192 1767 261 1834 ’δὲ
295 1772 403 1858 ψυχῆς
425 1765 502 1857 ἔργα
523 1760 608 1834 κατὰ
631 1764 734 1857 φύσιν

223 1880 396 1960 ποιοῦμεν,
410 1873 475 1954 ἕως
485 1867 531 1965 μη
545 1871 734 1965 ἐσφάλημεν

221 1981 257 2048 ἐν
278 1987 327 2071 τῷ
351 1979 479 2074 πλήθει
501 1986 560 2049 τοῖν
584 1978 733 2061 παντός·

223 2088 405 2179 σφαλέντες
432 2087 470 2157 δὲ
493 2086 607 2174 ἔχομεν
630 2085 732 2179 δίκην.

893 1107 980 1182 Plot
996 1106 1034 1174 in
1059 1106 1216 1178 Ennead.
1233 1109 1269 1174 11
1286 1103 1330 1190 3‚s

935 1214 998 1299 (ed.
1016 1215 1063 1282 H.
1081 1214 1120 1288 F.
1139 1213 1277 1296 Miller)

863 1337 1017 1430 σημαίνει

863 1446 924 1532 μὲν
969 1437 1041 1514 οὖν
1073 1443 1187 1514 πάντα
1235 1438 1300 1515 ὅσα
1342 1443 1378 1516 ὃν

863 1551 1038 1645 αἰσθητῷ·
1074 1559 1173 1621 ποιεῖ
1207 1553 1243 1622 σε
1279 1542 1375 1635 ἔνια,

865 1652 928 1728 ὅσα
950 1666 1100 1752 φανερῶς
1124 1665 1239 1728 ποιεῖ·
1261 1650 1378 1746 Ἡμεῖς

864 1767 902 1834 δὲ
932 1772 1041 1858 ψυχῆς
1068 1765 1147 1856 ἔργα
1169 1763 1256 1834 κατὰ
1279 1765 1379 1858 φύσιν

866 1878 1036 1958 ποιοῦμεν,
1051 1873 1114 1954 ἕως
1125 1869 1171 1964 μη
1185 1862 1379 1965 ἐσφόλημεν

864 1981 900 2048 ἐν
922 1985 970 2071 τῷ
993 1979 1124 2071 πλήθει
1147 1987 1205 2048 τοῦ
1225 1978 1376 2061 παντός·

864 2088 1047 2179 σφαλέντες
1069 2088 1107 2156 di
1130 2085 1248 2174 ἔχομεν
1271 2086 1377 2179 δίκην.

310 2252 451 2316 Praeter
466 2248 532 2316 hos
548 2250 644 2315 locos
660 2249 819 2316 conferas
835 2271 967 2336 quaeso
985 2249 1073 2334 Lyd.
1085 2251 1181 2334 IV‚³s
1200 2252 1247 2338 (p.
1266 2244 1377 2333 lop-

201 2351 296 2444 97,ιι)
321 2378 402 2423 cum
428 2355 568 2423 Plotino
590 2355 628 2421 in
651 2356 808 2422 Ennead.
833 2352 920 2440 113p
945 2378 996 2444 sq.

309 2465 436 2550 Neque
460 2462 563 2530 aliter
585 2484 641 2529 res
657 2484 696 2529 se
711 2461 820 2530 habet
834 2462 878 2528 de
895 2462 987 2552 Lydi
1004 2466 1099 2548 IV,2t
1125 2469 1173 2552 (p.
1191 2459 1377 2548 82,12-21),

139 2584 143 2592 '
202 2568 264 2637 ubi
293 2571 426 2638 iontem
456 2590 520 2636 uos
549 2570 654 2647 celat;
684 2579 842 2636 attamen
871 2591 952 2636 eum
977 2592 1021 2637 ex
1044 2571 1176 2654 Iesaiae
1193 2571 1379 2657 prophetae

202 2675 367 2762 1,11-14
379 2675 543 2744 versione
554 2677 691 2744 Graeca
705 2698 725 2744 a
737 2677 839 2748 LXX
851 2675 1102 2764 interpretibus
1115 2679 1208 2746 iacta
1216 2677 1379 2745 hausisse

201 2784 348 2851 scimus:

241 2947 330 3030 Lyd.
347 2947 436 3030 IVua
462 2945 508 3032 (p.
525 2941 699 3032 San-21)

207 3068 251 3138 Τι’
272 3095 331 3156 μοι
354 3072 493 3161 πλῆθος
514 3074 581 3136 τῶν
609 3074 737 3137 θυσιῶν

225 3167 329 3262 ὗμῶνς
348 3176 434 3266 λέγει
448 3173 580 3265 κύριος·
604 3175 738 3268 πλήρης

225 3281 296 3370 εἰμὶ
319 3275 603 3369 ὁλοκαυτωμάτων
625 3287 734 3373 κριῶν,

225 3389 282 3458 καὶ
309 3390 407 3480 στέαρ
440 3382 547 3480 ἅρνῶν
569 3389 627 3458 καὶ
652 3382 736 3477 αἷμα

224 3495 352 3588 ταύρων
372 3498 430 3566 καὶ
451 3496 582 3586 τράγων
605 3488 644 3564 οὗ
659 3495 737 3583 βού-

224 3606 347 3691 λομαι,’
385 3595 455 3673 orid'
505 3598 545 3672 ἂν
593 3603 737 3695 ἔρχησθε

227 3702 379 3804 ὀφθῆναί
400 3732 477 3798 μοι·
512 3703 567 3792 τίς
587 3705 649 3802 γὰρ
672 3705 709 3793 ἐξ
725 3751 738 3764 ·

228 3818 347 3910 ζήτησε
369 3825 474 3887 ταῦτα
489 3808 528 3887 ἔκ
542 3822 608 3886 τῶν
622 3824 738 3906 χειρῶν

227 3917 333 4012 ὖμῶνς
350 3931 472 3995 πατεῖν
486 3921 547 4018 την
560 3915 661 4018 αὐλήν
674 3950 738 4012 μου

964 2947 1029 3012 res
1054 2943 1261 3030 1‚11-141)

844 3067 898 3136 11.
909 3069 946 3135 τί
955 3093 1013 3154 μοι
1028 3071 1167 3160 πλῆθος
1175 3073 1242 3135 τῶν
1252 3073 1380 3137 θυσιῶν

867 3168 971 3262 lpum
988 3175 1074 3264 λέγει
1090 3173 1232 3264 Κύριος·
1247 3173 1380 3271 πλήρης

868 3280 938 3368 εἰμὶ
959 3272 1243 3368 ὁλοκαυτωμάτων
1264 3288 1376 3372 κριῶν,

866 3381 922 3456 καῖ
952 3389 1053 3477 στέαρ
1073 3379 1180 3476 ἆρνῶν
1204 3389 1260 3457 καὶ
1295 3381 1379 3475 αἷμα

865 3493 995 3586 ταύρων
1014 3497 1069 3564 καὶ
1090 3494 1221 3587 τρόμων
1240 3487 1279 3564 οὗ
1301 3493 1382 3583 βού-

866 3605 979 3690 λομαι,
1003 3602 1056 3670 12.
1079 3593 1148 3672 οὐδ’
1172 3597 1213 3671 dv
1239 3602 1381 3696 ἕρχησθε

867 3700 1019 3803 ὀφθῆναί
1044 3736 1113 3798 μοι.
1146 3712 1200 3793 τῖς
1226 3707 1288 3802 γὰρ
1312 3711 1348 3792 ἐξ
1364 3753 1381 3762 -

868 3815 1007 3909 ζήτησιν
1021 3823 1126 3886 ταῦτα
1137 3818 1174 3886 ἐκ
1185 3823 1250 3886 τῶν
1258 3823 1380 3906 χειρῶν

878 3916 982 4011 ιῖμῶν;
996 3930 1117 3993 πατεῖν
1127 3919 1188 4017 τὴν
1204 3915 1307 4014 αὐλήν
1317 3949 1381 4010 μου

316 4163 340 4242 ¹)
368 4163 494 4242 aequor
514 4165 624 4225 veteris
658 4165 846 4223 Testamenti
881 4163 993 4222 Graeci
1029 4163 1195 4223 editionem
1229 4182 1248 4220 a
1281 4159 1379 4221 Swete

203 4251 328 4327 famam,
351 4256 410 4316 vol.
424 4254 468 4312 111
491 4254 673 4330 Cambridge
701 4251 794 4314 1894.
