3418 4954
697 311 940 392 -tot-

218 533 286 630 'pro
297 542 394 608 Maia
406 529 581 606 Mermrr'i
595 530 705 607 matre
721 554 824 626 'quom
837 539 933 604 ιίεανι
949 543 1185 609 voraverunt&
1203 517 1401 620 concordat,

226 648 419 716 Suetonius
456 667 595 734 quoquc
625 646 751 712 Isidori
787 645 909 712 auctor
944 646 980 710 in
1015 643 1095 711 eliis
1122 643 1304 710 ducendus
1337 655 1401 711 est.

228 758 308 822 Hoc
336 755 441 826 modo
466 763 590 821 xactitem
620 753 664 819 ad
698 751 908 820 Suetonium
943 750 1125 818 Macrobii
1142 761 1319 816 auctorem
1345 752 1404 816 de-

226 861 450 928 scendimus·
472 861 560 928 Cum
579 869 716 928 vero-et
734 857 902 924 Macrobii
919 869 955 924 et
968 857 1058 942 Lydi
1075 858 1183 924 verba
1199 857 1234 923 iu
1252 865 1402 946 utroque

226 979 427 1040 commento
460 988 573 1053 paene
604 965 647 1032 ad
676 965 831 1034 litteram
861 965 961 1052 quasi
990 963 1083 1030 inter
1106 985 1144 1029 se
1167 963 1296 1030 similia
1320 963 1401 1046 sint,

229 1071 367 1160 Lydum
393 1074 461 1141 hoc
484 1094 625 1160 quoque
639 1072 726 1139 ‘loco
743 1071 907 1140 Suetonii
920 1071 1116 1138 doctrinam
1138 1065 1299 1137 secutum
1324 1091 1403 1136 esse

227 1181 491 1250 concedendum
518 1189 591 1247 est.
655 1183 807 1246 Ioannes
843 1189 973 1262 autem,
1012 1176 1042 1244 si
1080 1177 1156 1264 ipse
1191 1177 1403 1264 inspexisset

231 1287 397 1356 Macrobii
444 1299 633 1370 auctorem,
676 1307 719 1352 ex
748 1307 860 1353 ·more
896 1283 1117 1351 describendi
1157 1284 1402 1350 haec-omnia

230 1395 460 1462 ⁴Macrobiana
495 1395 539 1460 de
575 1393 659 1460 Maii
695 1392 827 1480 mensis
866 1382 1009 1458 nomine
1046 1391 1176 1477 placita
1214 1391 1251 1456 in
1287 1390 1403 1456 medio

228 1502 406 1589 posuisset
441 1501 556 1583 (deest
589 1500 683 1567 enim
714 1498 823 1585 apud.
839 1499 980 1584 Lydum
1011 1497 1178 1563 Macrobii
1214 1497 1403 1584 explicatio

228 1609 265 1673 in
291 1605 401 1689 [121⁷
420 1618 499 1674 etis
525 1608 638 1692 extu).

336 1716 454 1800 Atque
470 1713 590 1782 omnia
605 1735 647 1780 ea
658 1713 801 1799 quidem
814 1734 905 1800 quae
917 1713 960 1778 de
971 1711 1146 1778 meusium
1161 1715 1402 1779 Romanorum

232 1845 253 1887 a
270 1821 375 1887 Innio
398 1843 511 1907 usque
535 1821 578 1886 ad
598 1821 828 1900 Decembrem
854 1805 1056 1886 nominibus
1073 1819 1167 1906 apud
1186 1819 1401 1886 Macrobium

230 1924 420 2011 112so—sr
457 1937 593 2009 extant,
629 1927 678 1992 ita
713 1911 866 2013 legimus
894 1927 987 2014 apud
1019 1927 1172 2009 Lydum,
1209 1937 1249 1991 ut
1283 1938 1404 2012 aperte

228 2034 286 2100 his
310 2055 450 2120 quoque
472 2034 558 2100 locis
577 2033 793 2099 Macrobiani
810 2035 963 2108 auctoris
986 2033 1006 2099 i.
1024 2055 1053 2100 e.
1070 2033 1231 2101 Suetonii
1251 2033 1403 2125 vestigia

230 2141 421 2226 presserit¹
452 2140 501 2210 Et
523 2140 607 2207 huic
630 2139 790 2226 opinioni
814 2129 990 2223 convenit,
1015 2141 1108 2226 quod
1124 2139 1342 2205 ¹Censorinus
1363 2139 1403 2204 in

123 2335 126 2342 ι
230 2246 312 2329 22,ιν
335 2270 384 2334 sq.
412 2247 634 2314 et-lsidorus
662 2249 685 2313 l.'
705 2269 732 2315 c.
765 2233 885 2314 eadem
916 2235 987 2314 iere
1022 2247 1177 2313 breviter
1213 2237 1404 2333 proferunt.

237 2389 239 2394 ·
339 2357 413 2420 Iam
444 2375 528 2420 vero
557 2355 763 2440 priusquam
793 2361 1014 2441 quaeramus,
1050 2375 1134 2419 num
1168 2335 1289 2437 Lydus
1326 2352 1404 2418 aliis

230 2465 372 2548 quoque
387 2461 474 2528 locis
492 2461 707 2527 Macrobiani
725 2461 878 2527 auctoris
893 2461 1044 2548 vestigia
1060 2461 1235 2548 presserit,
1252 2460 1405 2527 breviter

231 2567 516 2654 complectamur,
534 2567 617 2652 quid
635 2567 703 2633 hac
716 2568 922 2653 quaestione
936 2567 1087 2635 assecuti
1100 2567 1225 2633 simus:
1251 2568 1402 2654 primum

233 2675 403 2740 Macrobii
433 2675 687 2761 explicationes
712 2695 731 2739 a
757 2673 939 2740 Censorini
966 2674 1003 2739 in
1029 2675 1079 2740 eis
1102 2675 1211 2740 libelli
1237 2674 1406 2760 partibus,

231 2803 319 2866 quas
355 2781 525 2850 Weberus
569 2781 613 2847 ad
653 2781 866 2848 Suetonium
910 2781 1104 2864 deduxerit,
1148 2792 1183 2846 et
1228 2804 1248 2846 a
1285 2782 1405 2876 *Solini

232 2887 428 2974 isidorique
457 2887 737 2975 expositionibus
768 2910 840 2954 non
869 2890 956 2954 adeo
984 2877 1132 2969 diiierre,
1170 2899 1210 2953 ut
1246 2889 1404 2953 eiusdem

232 2993 423 3061 commenti
459 2996 492 3077 (i.
528 3018 556 3060 e.
589 2994 797 3062 Suetoniani
832 2995 912 3061 libri
952 2996 993 3060 de
1029 3016 1121 3058 anno
1155 2997 1404 3077 Romanorum)

232 3101 439 3188 apographa
475 3122 551 3168 esse
586 3123 656 3167 non
695 3101 899 3178 videantur;
935 3101 1063 3167 deinde
1097 3102 1237 3183 Lydum
1274 3103 1408 3166 Macro·

234 3208 404 3293 biumque
433 3218 504 3273 tam
530 3209 622 3275 inter
645 3231 682 3274 se
707 3208 838 3290 similia
862 3215 1011 3290 narrare,
1041 3219 1081 3274 ut
1104 3208 1133 3272 si
1158 3230 1227 3274 non
1253 3194 1405 3274 eundem

233 3327 413 3381 auctorem
451 3315 659 3398 proximum,
696 3327 814 3381 tamen
850 3316 1016 3382 ultimum
1053 3315 1280 3380 adhibuerint
1314 3315 1346 3393 (i.
1376 3337 1405 3380 e.

235 3420 473 3506 Suetonium).
520 3421 654 3489 Eadem
691 3433 811 3488 autem
845 3422 937 3489 ratio
970 3421 1156 3488 intercedit
1192 3422 1284 3487 inter
1318 3423 1407 3488 alios

234 3547 376 3612 quoque
393 3527 648 3592 'Macrobianos
678 3528 927 3616 Lydianosqne
959 3531 1064 3612 locos,
1100 3550 1248 3615 quorum
1286 3531 1408 3596 tabula

234 3633 322 3700 haec
345 3644 412 3700 est:

252 3899 255 3904 ⁴
369 3789 533 3896 ¹Macrob.
550 3827 622 3900 113
1096 3835 1182 3918 Lyd.
1236 3883 1238 3890 .
1264 3879 1267 3888 ·

234 3979 261 4022 ν.
290 3956 407 4029 iactosv
439 3955 698 4042 qninquaginta
732 3965 767 4023 et
876 3959 958 4042 111,⁵
984 3958 1032 4045 (p.
1049 3956 1142 4046 tuq:
1167 3955 1255 4045 πρὸς
1277 3965 1335 4025 τοῦ
1351 3965 1410 4040 βα-

238 4083 301 4127 sex
311 4061 386 4126 dies
397 4061 435 4127 in
447 4063 536 4128 duos
547 4084 659 4128 novos
672 4084 767 4130 men·
876 4063 998 4156 σιλέως
1020 4070 1140 4150 Νουμᾶ
1161 4065 1216 4131 καὶ
1232 4063 1334 4154 ἕτεροι
1350 4064 1412 4154 dv‘o·

235 4189 292 4234 ses
315 4167 391 4254 pari
416 4168 550 4234 ratione
574 4168 702 4251 divisit,
758 4195 761 4201 ·
876 4169 1147 4260 προσετέθησαν,
1203 4176 1305 4260 τιμῆς
1348 4170 1411 4254 μὲν

233 4297 259 4342 s.
285 4296 326 4340 ac
361 4273 410 4340 de·
444 4274 581 4340 duobus
615 4275 765 4361 priorem
875 4276 969 4342 ἕνεκα
1009 4281 1092 4342 τῶν
1117 4283 1242 4367 νοητῶν
1285 4267 1409 4342 ‹ila-
