3398 4952
694 316 917 385 ..27-

223 544 368 602 censeat
395 541 579 602 auctorum
610 534 655 601 ab
679 535 813 600 Ioanne
840 531 1079 600 adhibitorum
1103 553 1302 603 nnmerum.
1350 535 1399 604 Et

224 642 355 709 mirum
373 649 544 728 quantum
563 642 661 709 iavet
675 640 760 707 huic
776 639 944 729 opinioni,
965 639 1058 727 quod
1074 661 1130 707 res
1147 661 1168 706 a
1183 640 1286 725 Lydo
1302 663 1399 709 enar·

224 758 338 833 ratae,
370 747 499 835 quibus
523 768 691 836 persaepe
713 756 853 835 praeter
875 745 1072 834 legentium
1097 748 1398 834 exspectationem

225 855 446 922 narrationes
469 875 553 922 suas
577 875 747 922 exornare
771 862 808 921 et
830 854 1046 940 locupletare
1070 854 1168 937 solet,
1192 861 1266 921 tam
1282 854 1400 923 multi·

227 961 338 1049 plices
354 961 543 1048 variaeque
558 970 651 1045 sunt,
674 969 717 1028 ut
732 960 879 1028 Photins
894 959 1095 1047 patriarcha
1110 959 1187 1028 iure
1202 961 1399 1048 meritoque

225 1069 347 1136 tulerit
374 1068 463 1134 illud
486 1067 658 1135 indicium
680 1067 752 1133 iam
777 1087 884 1155 supra
907 1072 953 1154 (p.
976 1065 998 1132 2
1021 1077 1093 1134 not
1116 1063 1149 1150 2)
1173 1067 1397 1155 exscriptum.

222 1174 312 1241 Inde
336 1175 478 1262 quidem
503 1174 569 1242 viri
594 1172 687 1241 docti
712 1174 844 1242 multos
867 1174 1009 1258 Lydum
1034 1194 1111 1240 esse
1134 1182 1295 1241 secutum
1319 1196 1398 1241 auc·

223 1290 318 1348 tores
327 1291 554 1368 putaverunt,
566 1280 678 1349 veluti
689 1280 823 1348 Hasius
833 1280 870 1346 in
879 1279 1058 1348 hunclere
1068 1281 1212 1348 modum
1222 1281 1397 1362 locutus¹):

334 1391 435 1472 „Hoc
450 1388 488 1455 in
503 1388 603 1473 libro,
619 1389 767 1456 decurso
785 1387 894 1454 totius
911 1388 995 1455 anni
1012 1387 1136 1475 spatio,
1153 1389 1264 1455 fastos
1275 1388 1398 1475 populi

224 1495 380 1562 Romani
404 1495 487 1579 dies,
516 1516 586 1582 qno
610 1496 759 1582 quisque
780 1495 887 1561 modo
911 1516 1064 1582 quamve
1087 1494 1133 1561 ob
1156 1516 1299 1562 causam
1323 1495 1398 1582 agi-

226 1608 322 1668 tatus
346 1612 448 1685 esset,
471 1602 516 1669 ab
539 1601 643 1669 initio
665 1622 783 1669 rerum
801 1604 1043 1669 Romanarum
1065 1622 1179 1688 usque
1195 1602 1240 1668 ad
1256 1601 1398 1669 Iustini-

223 1730 331 1775 anum
348 1712 553 1796 Angustum
579 1708 769 1793 diligenter
784 1718 992 1795 persecutus
1009 1719 1071 1792 est,
1086 1709 1193 1796 idque
1210 1731 1254 1775 ex
1269 1709 1399 1775 idoneis

223 1817 418 1881 auctoribus
429 1838 505 1881 curn
517 1817 655 1881 Graecis
660 1816 846 1902 permultis
854 1821 926 1881 tum
939 1816 1078 1881 Latinis
1085 1842 1097 1880 .·
1114 1815 1249 1885 Gavio
1262 1819 1397 1900 Basso,

226 1922 425 2008 Fonteio,
457 1923 674 2010 Aquilino,
708 1923 866 2008 Cincio,
901 1927 947 1990 M.
973 1925 1171 2009 Varrone,
1205 1924 1397 2008 Maximo,

223 2029 414 2115 Visellio,
446 2029 638 2118 Apuleio,
672 2034 720 2099 M.
744 2031 937 2112 Messala,
971 2030 1166 2099 Cornelio
1189 2031 1397 2117 Labeone,

225 2135 400 2221 Seneca,
424 2137 617 2222 Valente,
641 2137 837 2205 Mummio
870 2138 1017 2224 aliisque
1046 2159 1141 2204 nuuc
1173 2139 1230 2203 vel
1258 2139 1398 2203 omuino

224 2247 280 2311 aul
299 2268 424 2332 magua
448 2267 491 2312 ex
508 2251 610 2332 parte
626 2245 804 2332 perdi'iis.“

330 2355 407 2419 Nec
441 2354 554 2419 multo
589 2351 691 2419 aliter
725 2351 885 2439 disputat
920 2353 1147 2418 Hermannus
1176 2351 1275 2418 Diels
1308 2351 1398 2419 haec

223 2459 331 2526 verba
353 2459 485 2526 faciens
495 2459 537 2545 ²):

333 2584 508 2670 „Omnino
539 2583 660 2670 Lydus
685 2591 738 2650 tol
757 2585 949 2651 illustribus
970 2585 1190 2671 scriptoribus
1213 2590 1248 2651 et
1262 2585 1398 2672 graecis

223 2697 259 2758 et
278 2693 432 2758 romanis
458 2714 542 2757 usus
568 2691 665 2759 istud
690 2691 961 2760 christianorum
986 2691 1257 2779 compilatorum
1282 2713 1397 2780 genus

222 2799 363 2867 videtur
385 2798 630 2867 fastidivisse.“

262 2931 265 2934 ·
329 2907 446 2992 Atque
473 2928 511 2973 re
540 2929 624 2974 vera
654 2905 810 2991 Lydum,
838 2906 869 2973 si
896 2905 989 2973 hanc
1016 2905 1212 2973 doctrinam
1236 2928 1328 2995 quae
1351 2906 1397 2972 ab

222 3013 300 3100 ipso
324 3013 528 3081 venditatur
551 3013 777 3101 perlegendis
801 3013 1100 3101 excerpendisque
1120 3012 1285 3080 omnibus
1307 3035 1396 3100 quos

225 3120 349 3187 laudat
372 3119 574 3187 auctoribus
599 3120 822 3208 conlegisset,
845 3141 932 3187 sane
955 3141 1032 3187 esse
1056 3120 1206 3188 summis
1229 3120 1395 3188 laudibus

225 3227 443 3295 efferendum
469 3226 549 3314 quis
573 3237 628 3295 est
651 3226 712 3314 qui
736 3228 863 3314 neget?

330 3353 461 3420 Contra
477 3354 585 3440 longe
598 3352 699 3421 aliter
710 3363 831 3419 censet
842 3355 994 3420 Ioannes
1008 3353 1206 3421 Fridericus
1218 3353 1396 3439 Schultze,

221 3457 284 3545 qui
312 3459 526 3526 contrarium
555 3459 673 3546 ipsum
703 3481 826 3528 verum
855 3480 931 3526 esse
960 3481 1025 3548 pro
1053 3469 1148 3528 certo
1176 3459 1333 3527 affirmat
1360 3469 1396 3530 et

220 3564 289 3632 hoc
309 3566 417 3633 'modo
440 3566 627 3634 sententiis
649 3565 749 3634 brevi
774 3575 856 3634 ante
878 3568 1026 3653 prolatis
1050 3567 1278 3637 vehementer
1301 3566 1397 3635 oblo-

221 3673 343 3760 quitur
359 3695 400 3740 ac
416 3675 557 3760 Lydum
575 3674 625 3740 nil
642 3674 795 3761 amplius
811 3674 880 3742 nisi
898 3697 1053 3762 magnae
1064 3674 1228 3744 lectionis
1240 3673 1393 3763 speciem

223 3800 309 3866 prae
337 3802 374 3847 se
398 3781 487 3848 ferre
510 3781 703 3848 identidem
729 3782 875 3870 exponit
897 3782 948 3850 sic
971 3784 1159 3866 locutus³):
1196 3783 1273 3868 „Ex
1293 3782 1397 3868 scrii-

222 3887 353 3952 toribus
384 3911 527 3974 quorum
551 3889 692 3954 uomina
714 3890 814 3986 avida
845 3889 883 3955 in
906 3889 1005 3956 libris
1030 3889 1104 3956 suis
1140 3889 1299 3962 cumulat,
1316 3896 1394 3976 per·

332 4104 357 4188 ι)
380 4107 411 4165 in
435 4108 653 4167 commentario
678 4107 717 4165 de
741 4108 855 4166 Ioanne
878 4107 962 4184 Lydo
986 4128 1014 4185 p.
1039 4107 1095 4166 XI.

330 4196 415 4273 ²)cl.
438 4196 570 4273 Doxogr.
594 4215 635 4274 gr.
658 4217 688 4275 p.
718 4197 765 4259 17.

329 4284 356 4363 ³)
379 4286 409 4342 in
433 4287 503 4344 diss.
526 4306 556 4363 p.
583 4285 630 4348 12.
